3292 5152
669 369 803 439 praelatio.
1296 385 1343 432 νη

124 548 209 598 erant
230 539 385 616 Lydorum
405 539 496 613 tituli,
527 540 577 615 qui
605 538 685 596 multi
711 545 780 597 sunt
803 548 831 596 et
850 545 1000 615 tamquam
1021 539 1189 598 helluantnr
1209 540 1237 597 in
1261 541 1344 598 traria

125 642 163 699 de
188 642 274 700 rebus
298 641 404 700 futuris
430 641 603 717 cogitatione
629 642 740 717 (nescio
768 661 804 699 an
836 641 1006 719 Erythraeis
1032 643 1167 714 ducibus,
1194 644 1344 701 beatorum

125 743 246 817 colonis,
271 744 306 801 cf.
327 744 365 802 ad
386 765 415 802 n.
440 743 520 817 904),
546 764 638 819 neque
666 744 760 801 minus
793 743 997 821 Phrygiornm‚
1029 744 1135 820 quibus
1162 742 1343 803 Graecorum

124 845 162 902 de
182 844 282 904 inieris
302 845 416 904 fabulae
437 845 594 904 maximam
614 847 644 902 in
666 847 910 922 contemptionem
930 856 1076 904 venerunt.
1108 846 1244 921 Denique
1258 867 1342 923 pecu·

122 946 226 1005 liarem
250 946 343 1006 locum
370 947 453 1025 Syris
479 948 639 1024 adsignavi,
665 965 788 1024 quornm
812 966 887 1024 quae
912 950 1066 1024 potissima
1093 949 1235 1007 scribendi
1264 950 1339 1007 ratio

125 1049 212 1107 inerit
231 1051 373 1108 neminem
395 1049 485 1126 fugiet
504 1049 654 1125 legentem.
696 1051 745 1108 Ex
765 1050 839 1109 Asia
866 1052 895 1109 in
916 1050 1071 1110 Graeciam
1098 1053 1263 1128 remigravi,
1291 1053 1335 1110 cni

126 1152 238 1227 priores
257 1163 355 1228 partes
375 1171 440 1211 eam
460 1153 498 1210 ob
518 1171 578 1209 rem
599 1152 771 1228 denegatam
792 1172 828 1210 ne
849 1153 919 1210 vilia
939 1152 1054 1211 infimae
1079 1155 1183 1212 aetatis
1212 1155 1342 1245 carmina

125 1272 202 1328 quae
215 1255 382 1331 praevalent
395 1254 619 1330 elegantissimis
636 1255 736 1313 Ionum
751 1255 921 1330 Dornmque
935 1256 1154 1332 epigrammatis
1167 1266 1342 1331 anteponere

124 1374 254 1433 cogerer:
276 1376 451 1434 quamquam
471 1358 526 1415 hac
545 1357 580 1414 de
600 1377 631 1415 re
651 1377 719 1415 num
743 1368 818 1415 recte
837 1358 1028 1415 indicaverim
1049 1359 1166 1416 iamiam
1186 1359 1341 1416 dubitatio-

129 1459 177 1516 nis
197 1459 307 1534 aliqnid
327 1460 519 1520 subnascitur.
553 1459 677 1518 Restant
697 1460 747 1535 qui
768 1480 786 1517 a
806 1459 927 1519 Graecis
949 1462 1113 1519 didicerunt
1133 1460 1270 1532 Romani,
1292 1461 1342 1534 qui

124 1580 216 1638 qnam
236 1562 369 1621 sollerter
399 1571 527 1620 veterum
552 1562 939 1639 epigrammatographurum
968 1563 1101 1639 exempla
1124 1562 1215 1620 secuti
1236 1562 1295 1619 sint
1314 1572 1343 1619 et

126 1662 309 1723 excoluerint
327 1674 356 1722 et
376 1663 574 1740 Anthologiae
595 1672 699 1742 poetae
717 1665 835 1743 plurimi
857 1665 961 1722 docent
980 1671 1010 1723 et
1029 1666 1109 1742 prior
1130 1664 1216 1740 qnam
1238 1686 1255 1722 a
1276 1665 1341 1721 reli-

127 1765 195 1841 quis
224 1767 358 1844 separavi
388 1767 586 1825 Romanorum
622 1773 652 1825 et
681 1767 941 1842 Neapolitanorum
979 1769 1217 1843 epigrammatum
1257 1785 1340 1844 pars:

124 1868 300 1943 praevalent
318 1878 415 1928 autem
436 1870 481 1927 hic
501 1889 617 1945 quoqne
638 1877 669 1927 nt
688 1889 741 1946 par
762 1880 806 1927 est
825 1870 938 1926 viliora·

206 1969 397 2030 Dedicatoria
417 1972 501 2048 longe
522 1972 667 2030 diversum
689 1971 746 2029 sibi
769 1971 961 2047 postulabant
985 1971 1125 2042 ordinem,
1158 1978 1190 2029 nt
1214 1991 1289 2048 quae
1314 1984 1342 2030 et

122 2073 264 2148 pauciora
283 2083 382 2133 essent
401 2085 430 2133 et
449 2094 503 2150 pro
524 2083 757 2151 argumentorum
777 2071 947 2131 diversitate
968 2083 1071 2150 sponte
1091 2074 1121 2131 in
1135 2073 1265 2132 diversas
1280 2075 1339 2133 dis-

122 2176 257 2234 cederent
276 2183 375 2252 partes
396 2199 402 2234 :
425 2196 493 2234 nam
526 2186 554 2234 et
579 2177 719 2253 ephebica
743 2185 772 2233 et
797 2176 959 2252 agonistica
989 2176 1064 2235 inter
1094 2195 1126 2234 se
1156 2176 1244 2234 divisi
1275 2177 1340 2250 (nee

127 2279 258 2352 poenitet
277 2272 393 2355 iecisse)
415 2287 445 2337 et
463 2289 689 2356 proscynemata
709 2278 833 2356 hymnos
853 2279 971 2337 oracula
991 2278 1054 2337 inre
1079 2279 1149 2335 mihi
1171 2278 1270 2336 videor
1290 2280 1338 2337 de-

124 2380 277 2439 dicatoriis
312 2382 528 2440 adnumerasse.
585 2382 701 2460 Septem
734 2382 822 2457 igitur
851 2382 962 2439 institui
993 2391 1099 2457 partes,
1130 2400 1253 2456 quarum
1282 2401 1339 2457 quo

125 2502 272 2558 quamque
292 2484 377 2542 modo
397 2484 594 2560 disposuerim
613 2484 759 2558 explicare
780 2484 852 2541 nihil
874 2485 995 2543 adtinet.

204 2584 351 2644 Claudunt
371 2605 474 2663 agmen
494 2586 705 2662 epigrammata
725 2587 806 2642 traria
827 2598 963 2661 quattuor
983 2587 1012 2642 in
1033 2598 1131 2662 partes
1157 2587 1251 2644 divisa
1278 2605 1338 2642 om-

123 2687 183 2759 nia,
204 2706 220 2744 e
240 2688 346 2763 quibus
366 2688 461 2763 prima
480 2688 670 2746 terminorum
691 2687 891 2746 aedificiorum
918 2688 1042 2747 sontium
1069 2688 1201 2764 pontium
1228 2688 1337 2760 titulos,

123 2799 229 2865 quarta
248 2791 375 2848 amuleta
395 2796 425 2848 et
444 2789 524 2848 diras
544 2790 743 2866 conplectitur,
774 2791 903 2867 reliquas
930 2791 1003 2848 duas
1030 2791 1122 2866 magis
1150 2790 1249 2848 dubito
1271 2809 1338 2846 nnm

124 2901 202 2953 recte
223 2891 461 2951 administrarim.

206 2994 347 3054 Conlecta
366 2994 434 3051 dum
455 2994 508 3052 edo
528 2994 706 3070 schedasqne
726 2996 808 3070 prelo
829 2997 911 3053 trudo
931 2995 1010 3055 haud
1026 2994 1180 3053 mediocris
1200 2994 1341 3051 succrevit

125 3099 325 3156 Addendorum
344 3097 430 3171 copia
449 3115 513 3154 cum
542 3115 641 3154 eornm
667 3117 742 3172 quae
771 3117 869 3156 recens
901 3099 1017 3157 inventa
1047 3107 1116 3156 snut
1148 3107 1208 3153 tum
1238 3115 1337 3153 eorum

124 3220 199 3276 quae
223 3218 277 3276 ego
303 3198 468 3256 huiusmodi
497 3200 604 3274 negotii
632 3200 758 3258 nondum
789 3201 860 3258 satis
891 3202 998 3276 peritus
1030 3200 1075 3256 vel
1106 3199 1261 3255 omiseram
1294 3198 1337 3255 vel

125 3302 198 3360 falso
223 3301 295 3358 olim
320 3300 383 3359 loco
407 3300 558 3359 conlocata
583 3309 769 3361 retraxeram.
818 3303 936 3360 Eisdem
969 3310 1066 3359 antem
1096 3303 1133 3359 de
1164 3301 1260 3357 causis
1292 3300 1336 3357 vel

123 3405 268 3461 Addeadic
283 3422 357 3478 quae
370 3404 506 3462 adderem
515 3405 613 3473 habui,
632 3424 706 3480 quae
722 3405 752 3462 in
771 3406 855 3463 huius
871 3404 1060 3482 praelationis
1075 3402 1151 3460 calce
1168 3402 1336 3460 subicienda

122 3526 237 3599 ffl3
256 3490 599 3583 nommhffid'onod
612 3496 684 3584 'post
701 3508 844 3567 confectos
859 3508 974 3566 demum
989 3518 1017 3564 et
1031 3506 1109 3583 typis
1123 3523 1277 3580 expressos
1292 3504 1335 3560 in·

121 3610 200 3668 dices
214 3621 403 3669 accesserunt.
426 3610 577 3669 Addendis
592 3612 702 3687 passim
718 3611 893 3669 intermiscui
908 3611 1091 3686 corrigenda;
1112 3607 1223 3667 correxi
1238 3617 1335 3663 tamen

123 3732 158 3771 ea
188 3720 300 3771 tanturn
332 3730 407 3788 quae
436 3712 562 3789 legentes
593 3714 738 3771 offendere
767 3713 947 3785 viderentur,
979 3713 1038 3770 alia
1069 3711 1212 3788 permulta
1242 3711 1336 3767 sciens

123 3815 316 3892 praetermisi.
358 3813 443 3888 Quod
464 3815 626 3873 incredibili
646 3835 799 3891 operarum
821 3816 953 3873 socordia
973 3823 1002 3872 et
1016 3815 1152 3890 inperitia
1170 3814 1278 3870 facturn
1293 3817 1336 3870 est

123 3931 155 3976 ut
176 3917 334 3975 innumeris
354 3916 413 3973 iere
435 3915 505 3973 locis
526 3918 683 3993 spirituum
703 3929 928 3993 accentuumque
949 3928 1033 3974 notae
1054 3916 1184 3990 dilapsae
1204 3915 1335 3986 abierint,

123 4041 210 4099 aegre
230 4022 283 4078 hoc
304 4019 373 4091 lero,
394 4019 508 4094 aegrius
529 4039 596 4078 vero
611 4021 687 4095 quod
708 4023 770 4096 ipse
791 4022 866 4079 iusto
887 4020 1003 4095 saepius
1030 4029 1163 4076 accentus
1182 4036 1334 4093 perperam

121 4125 233 4202 positos
253 4122 397 4198 corrigere
417 4121 545 4197 neglexi;
566 4124 616 4198 qui
636 4143 750 4180 errores
771 4143 859 4198 quum
877 4122 957 4197 digni
977 4122 1034 4178 sint
1048 4121 1097 4196 qui
1112 4120 1237 4193 graviter
1250 4118 1335 4175 casti-

120 4239 226 4305 gentur
246 4225 336 4302 probe
356 4225 425 4297 scio,
446 4244 621 4301 quamquam
641 4246 734 4302 neque
754 4244 846 4300 aeque
860 4241 953 4300 nequo
971 4225 1129 4300 prudenter
1143 4221 1335 4278 existimantis

1370 2968 1379 3233 l
