3292 5152
296 417 359 484 308
724 415 920 487 Epigrammata
937 414 1103 472 dedicatoria.

370 587 484 645 Extare
503 583 574 643 vidit
594 582 748 642 Kirchhoff
765 586 855 643 Anth.
876 584 910 645 P.
932 584 976 643 Vl
998 584 1329 644 1381emmeteeddito
1348 589 1401 646 τοῦ
1419 584 1513 647 αὐτοῦ

292 675 407 762 ὁμοίως,
433 680 510 756 quod
531 695 567 737 ex
592 679 751 754 superioris
772 679 909 738 carminis
929 680 1118 757 inscriptione
1144 671 1279 759 ἀνάθημα
1299 683 1341 760 τῷ
1356 671 1514 741 Ἀνόλλωνι

292 775 495 853 explicandum
525 779 578 831 est.
628 771 704 831 Hine
734 772 866 850 Apollini
897 774 1059 834 dedicatum
1089 773 1180 833 fuisse
1211 793 1270 834 non
1307 775 1402 853 magis
1436 786 1517 835 certo

291 867 443 928 concludes
468 886 556 943 quem
581 887 597 925 e
622 867 717 925 verbis
741 869 793 925 rori
818 863 908 925 αὐτοῦ
935 869 1125 928 Anacreontis
1155 887 1218 927 cese
1248 887 1364 928 carmen
1394 869 1515 929 elicies.

291 963 367 1023 Nam
393 981 458 1020 eum
482 962 694 1038 epigrammate
719 961 770 1020 ille
797 962 833 1022 A.
856 958 887 1019 P.
910 961 950 1020 VI
973 963 1118 1021 134-145
1143 962 1229 1020 titulo
1254 966 1305 1022 rori
1330 960 1422 1022 αὐτοῦ
1448 965 1467 1022 i.
1488 984 1514 1023 e.

291 1060 475 1117 Anacreontis
496 1056 635 1133 insignite
655 1066 806 1132 suspectae
826 1057 924 1113 omnia
944 1056 1010 1114 fidei
1031 1057 1099 1132 sint,
1120 1067 1183 1115 tum
1203 1057 1274 1115 illud
1295 1058 1390 1134 quode
1414 1059 1514 1136 egitur

291 1153 377 1212 evicit
396 1150 556 1209 Kirchhoff
572 1167 633 1208 Lxx
653 1149 712 1208 fere
732 1150 817 1208 annis
837 1151 1019 1209 Anacreonte
1044 1152 1164 1210 inferius
1192 1171 1265 1213 esse.
1286 1185 1324 1196 -
1347 1154 1360 1209 l
1383 1152 1416 1230 μ’
1438 1144 1511 1232 tipe-

292 1270 362 1308 σατο
383 1257 411 1304 et
432 1244 450 1302 2
472 1231 626 1304 ἐντοίσννθ’
647 1245 708 1304 cod.
730 1244 793 1304 Pal

292 1509 388 1570 ⁸759.
417 1508 449 1567 ln
463 1506 561 1565 Piraei
575 1505 747 1583 paeninsula
758 1507 902 1567 Eetionis.
931 1507 1096 1568 Hirschfeld
1117 1509 1202 1566 Dior.
1216 1509 1293 1567 arch.
1311 1508 1387 1567 1873
1401 1528 1427 1585 p.
1447 1509 1511 1570 108.

447 1631 573 1697 Πύθων
591 1625 707 1718 Ἑρμῆν
730 1623 864 1716 ἄγαλμα
884 1626 1131 1719 Ἑρμοστροὶτοο
1152 1628 1349 1720 Ἀβδηρίτης

529 1731 806 1819 ἔονηοεμπολλὰς
829 1725 1022 1818 θησάμενος
1045 1731 1185 1822 πόληος.

530 1825 673 1920 Εὔφρων
695 1831 865 1920 theonino
888 1830 948 1898 οὐκ
973 1830 1080 1922 ἀδαὴς
1103 1827 1242 1920 Πάριος.

357 1973 387 2030 ’2
408 1962 510 2048 νόληος
531 1993 584 2050 pro
605 1963 700 2039 ον’λοις
725 1972 867 2048 scripturn
892 1974 989 2032 nescio
1014 1979 1119 2051 poetee
1139 1992 1176 2031 en
1197 1972 1341 2050 lopicidee
1361 1975 1401 2033 sit
1418 1992 1511 2033 error.

295 2251 374 2312 760.
415 2253 541 2313 Athenis
561 2253 600 2313 ed
620 2252 823 2312 Erechtheum.
864 2253 1017 2314 Kirohhois
1036 2255 1102 2316 398.

419 2377 612 2465 Διογένη[ς]
635 2371 800 2464 ἀνέθηκεν
818 2369 1021 2461 ’Λιοσχῖνλου
1043 2374 1100 2456 ὑὸς
1123 2378 1361 2467 Κεφ[α]λῆο[ς.

368 2517 416 2577 Sic
434 2515 550 2592 scripsit
569 2512 726 2574 Neuhouer
746 2516 841 2577 Herm.
862 2516 891 2575 X
914 2517 968 2575 159
989 2536 1103 2576 versum
1123 2535 1187 2576 csse
1213 2526 1294 2574 retus
1320 2526 1439 2594 propter
1458 2519 1509 2577 ed·

294 2612 386 2671 ditum
405 2608 467 2668 υἷοῦ
487 2610 672 2682 vocobulum
692 2629 739 2670 res
759 2612 877 2669 minime
897 2617 982 2673 certo.

293 2839 363 2900 ror.
404 2839 517 2916 segm
535 2839 565 2898 n
585 2839 687 2899 insui
729 2839 762 2901 c.
783 2839 806 2898 1.
827 2839 903 2899 eros
918 2842 945 2901 o.
986 2839 1082 2900 uenas
1104 2839 1118 2898 1
1140 2841 1167 2900 e.

365 2955 429 3041 Ὃς
450 2957 518 3029 τόδ’
542 2955 661 3048 ἄγαλμ’
685 2957 841 3051 ἀνέθηκε,
870 2958 1102 3052 Φιλόστρατος
1123 2964 1189 3031 ἐστ’
1213 2958 1304 3049 ὄνυμ’
1327 2962 1441 3045 eiecit,

461 3065 566 3151 πατρὶ
589 3066 626 3132 δὲ
647 3069 709 3131 τῶι
730 3059 832 3151 τήνου
855 3064 1051 3154 Δημοφόων
1073 3059 1188 3148 ὄνομα.

443 3234 452 3255 ,b
543 3193 657 3238 nomen
678 3170 818 3254 artificis]
844 3167 994 3255 ἐποίησε.

293 3459 368 3520 162.
409 3460 443 3516 In
464 3471 545 3519 antro
561 3479 652 3539 propo
678 3458 749 3518 Vari
769 3461 849 3535 apud
867 3469 982 3517 voterem
1001 3459 1218 3543 Anaphlyotuor,
1237 3460 1284 3519 ubi
1296 3461 1362 3535 fere
1382 3459 1509 3519 Peneum
1547 3472 1585 3529 φ’

293 3557 408 3613 collocet
428 3554 538 3615 Strabo.
578 3553 880 3615 necestuosis.
920 3553 1079 3615 Kirohhoff
1095 3554 1161 3615 431.

491 3673 695 3766 Ἀρχέδημος
716 3673 734 3743 ὁ
763 3679 923 3765 Θηραῖος,
948 3674 965 3743 ὁ
989 3676 1229 3767 νυμφόληπτος

579 3782 744 3866 φραδαῖσι
768 3783 919 3865 Νυμφῶν
939 3775 1078 3868 τᾶντρον
1099 3771 1313 3868 ἐξηργᾶξατο.

369 3920 444 3981 Sunt
467 3920 565 3978 decem
591 3919 720 3977 eiusdem
743 3918 917 3977 Archedemi
939 3919 1015 3977 tituli
1036 3920 1191 3993 breviores,
1221 3917 1361 3994 equibus
1386 3917 1508 3977 Therae·

295 4034 341 4072 um
364 4018 455 4091 scotto
483 4018 589 4088 oripioe
617 4015 760 4085 dieamus,
785 4023 850 4086 poet
880 4017 963 4072 civem
993 4018 1106 4073 atticum
1128 4016 1289 4089 factumst
1316 4012 1510 4071 Chollicioncm

287 4127 365 4184 papo
386 4111 567 4183 adscriptum.
607 4106 763 4168 Kirchhoff.
789 4141 827 4151 -
853 4107 944 4166 Tituli
969 4108 1019 4166 alii
1044 4107 1143 4167 dorice
1167 4106 1217 4165 elii
1241 4107 1329 4164 attice
1354 4105 1455 4185 scripti
1479 4112 1511 4164 et

293 4203 408 4278 quidem
434 4202 537 4260 litteris
564 4200 614 4260 elii
645 4201 756 4275 atticis,
786 4200 836 4257 elii
867 4201 968 4261 ionicis
989 4204 1051 4263 suh.
1073 4203 1110 4260 ol.
1133 4202 1169 4259 87
1196 4201 1292 4259 iudice
1316 4199 1509 4273 Kirehhoffio,

291 4297 348 4355 nisi
370 4297 448 4373 quod
468 4298 529 4355 eius
550 4314 747 4383 quem'supra
767 4295 854 4371 posui
874 4303 947 4356 teste
965 4294 1126 4374 Stephenio
1146 4294 1245 4374 paullo
1264 4293 1409 4353 recentior
1428 4292 1509 4352 vide·

292 4397 339 4451 tur
358 4401 439 4450 cetos
460 4412 531 4453 esee.
556 4396 561 4419 ¹
587 4434 590 4439 -
711 4448 714 4452 .
767 4424 771 4433 ,
873 4390 876 4397 '
