3262 5152
514 413 534 467 Ι.
561 414 667 468 termini
686 414 805 469 aedificia
821 417 907 471 lontaa
925 422 1029 486 pontes.

245 574 332 660 μηδέ
356 600 407 652 τις
431 571 596 662 ἡμερίδων
618 571 737 665 όρχους
762 576 782 667 ἢ
804 580 886 669 ἐ[π]’
911 577 1017 650 όλσεα
1039 582 1203 670 δενδρέων

245 670 266 762 ἢ
292 680 394 764 ποίην
414 680 499 765 χιλῷ
523 673 654 746 εὐοιλδέι
678 681 790 768 χλωρὰ
815 685 961 751 θέουσαν

247 774 360 864 δμωίην
382 780 524 844 κυανέου
538 772 654 859 ’Ἄιδος
676 781 793 869 πὴξειε
814 780 992 864 μάκελλαν,

159 880 199 943 85
245 880 335 964 σῆμα
358 881 430 943 νέον
452 880 573 962 τεύχων
595 876 634 968 ἠὲ
657 879 822 971 πρότερον
844 884 1015 967 κεραίζων.

243 971 283 1040 οὗ
307 979 407 1059 θέμις
430 975 518 1066 ἀμφὶ
541 983 673 1047 νέκυσσι
695 982 811 1064 βαλεῖν
833 979 996 1066 ἱρόχθονα
1018 987 1138 1068 βῶλον,

244 1077 330 1163 πλὴν
353 1077 372 1142 ό
396 1105 451 1144 κεν
473 1078 615 1163 αἵματος
639 1075 706 1169 ηισι
732 1082 789 1147 καὶ
810 1079 976 1170 ἔκγ[ο]νος
998 1082 1224 1176 ἑσσαμένο[ιο·

244 1179 366 1257 κείνοις
388 1182 416 1244 δ’
440 1176 499 1245 adu
523 1176 719 1264 ἀθέμιστον·
743 1182 818 1249 ἐπεὶ
841 1183 1003 1274 τιμάορος
1025 1184 1160 1274 ε’ίστωρ·

243 1282 299 1344 κοιλ
323 1279 385 1368 γὰρ
403 1277 570 1370 Ἀθηναίη
596 1286 699 1370 [ποτ’]
721 1278 927 1369 Ἐριχθόνιον
948 1288 1096 1374 βασιλῆα

158 1384 199 1446 90
243 1385 321 1466 νηιῦι
346 1378 549 1469 ε’νκιιτὲθηκε
572 1385 742 1449 συνέστιον
764 1379 901 1465 ἔμμεναι
925 1382 1015 1471 ίριῦν.

242 1478 271 1545 εἰ
296 1484 332 1546 δέ
354 1507 413 1546 τισι
435 1475 561 1547 όικλυτα
583 1487 688 1549 ταῦτα
712 1485 768 1549 καὶ
791 1479 851 1549 οίικ
874 1484 1088 1553 ἐπιπείσεται
1111 1484 1252 1579 alvom,

243 1579 315 1645 ἀλλ’
339 1577 553 1671 ἀποτιμήσω,
576 1583 624 1671 μη
648 1583 677 1650 ol
704 1584 817 1674 νήτιτα
840 1584 985 1672 γένηται,

247 1679 333 1747 ἀλλιί
355 1709 412 1764 μιν
434 1677 636 1769 ἀπρόηναιος
659 1685 805 1768 Νέμεσις
828 1685 884 1748 καὶ
907 1680 1033 1772 ῥόμβος
1056 1684 1211 1778 ἀλάστωρ

243 1787 401 1868 τίσοντιιι,
426 1786 585 1872 στυρερην
608 1784 644 1850 δὲ
668 1783 857 1873 κιιλινδησει
880 1782 1060 1873 κακότητα·

158 1890 197 1954 95
244 1883 322 1951 οἶδε’
346 1886 407 1970 χόρ
430 1882 577 1970 λἰρθιμον
603 1886 759 1973 Τριόπεω
779 1886 878 1967 μένος
899 1883 1073 1954 Αἰολίδαο

243 1982 359 2062 δίαιθ’,
384 1983 439 2050 llas
462 1987 549 2051 νειόν
572 1982 771 2073 Δημήτερος
792 1983 1009 2065 ἐξαλάπαξαν.

239 2091 298 2151 τῶι
323 2111 397 2174 ητοι
421 2086 540 2174 ’ποινην
563 2090 617 2151 καὶ
643 2085 832 2175 ἐπωνυμίην
854 2084 1025 2152 ἀλέασθαι

238 2186 357 2272 χώρου,
381 2185 426 2275 μη
450 2213 502 2251 τοι
526 2186 647 2273 ἕπηται
671 2184 727 2253 ἔπι
754 2181 965 2274 Τ[ρ]ιόπειος
983 2183 1117 2275 Ἐρινύς.

233 2310 366 2367 Herodes
395 2310 511 2368 Atticus
536 2309 739 2368 Marathonius
761 2308 877 2366 Anniae
901 2308 1035 2383 Regillae
1058 2311 1159 2370 uxoris
1182 2319 1313 2373 mortuae
1343 2334 1369 2374 a.

158 2407 217 2462 fere
242 2406 291 2462 161
315 2407 483 2463 memoriam
504 2402 642 2481 singulam
663 2403 770 2478 pietate
790 2407 961 2480 prosecutus
981 2411 1025 2460 est
1045 2404 1159 2462 cumin
1179 2407 1246 2484 ipsa
1264 2409 1371 2484 patria,

157 2501 203 2556 ubi
220 2500 335 2576 sepulta
355 2509 399 2556 est
413 2498 462 2573 (C.
477 2499 500 2556 Ι.
522 2498 622 2573 6185),
643 2506 703 2553 tum
723 2495 834 2555 Romae
853 2497 979 2554 maxime
998 2497 1121 2572 iambe,
1142 2500 1190 2558 ubi
1205 2501 1242 2559 ad
1255 2503 1369 2560 tertium

155 2595 282 2670 lapidem
307 2594 371 2650 riae
397 2593 513 2668 Appiae
533 2590 581 2665 (C.
602 2589 623 2651 l.
646 2590 695 2666 26)
722 2589 878 2666 Triopeum
902 2590 1050 2648 constituit
1074 2611 1186 2650 sacrum
1213 2593 1246 2654 id
1271 2594 1368 2655 Cereri

157 2687 407 2762 Proserpinaeque
428 2704 462 2743 ac
487 2684 549 2742 deis
575 2684 689 2754 inferis;
719 2684 747 2740 in
773 2685 874 2742 eodem
899 2697 997 2743 amem
1022 2686 1145 2745 circuitu
1171 2698 1200 2746 et
1220 2689 1369 2749 Minervae

156 2781 344 2856 Nemesique,
371 2779 468 2837 atticis
494 2779 615 2850 deabus,
640 2792 668 2835 et
689 2775 788 2836 Cereri
809 2776 1025 2854 Faustinaeque
1051 2778 1110 2862 (νέην
1135 2769 1274 2862 Διίμητρι)
1300 2783 1369 2842 sana

156 2876 336 2932 consecravit
356 2892 512 2948 eorumque
532 2873 562 2928 in
584 2871 675 2930 altero
696 2870 828 2947 Regillae
848 2871 967 2930 heroum
992 2880 1176 2950 statuamque
1199 2876 1367 2937 conlocavit

159 2969 242 3042 Quae
263 2969 445 3043 potissimum
466 2985 512 3024 res
533 2965 570 3023 ad
591 2964 750 3040 Triopeum
771 2966 951 3025 condendum
972 2968 1140 3042 perduxerit
1159 2968 1307 3028 Herodem
1326 2970 1369 3028 vi·

157 3062 241 3119 detur
262 3061 403 3118 Chishulli
427 3060 589 3117 coniectura
609 3059 768 3136 explicare,
795 3060 845 3135 qui
864 3059 1011 3118 Herodem
1037 3080 1055 3118 a
1075 3061 1232 3138 Theagene
1251 3061 1367 3138 Cnidio,

157 3175 214 3230 quo
235 3161 421 3231 praeceptore
442 3173 510 3211 usus
531 3160 607 3223 erat,
628 3151 815 3228 Triopiorum
836 3172 999 3226 sacrorum,
1025 3173 1100 3229 quae
1124 3156 1154 3211 in
1176 3154 1281 3215 Cnidio
1300 3176 1367 3233 pro-

157 3249 305 3306 monturio
326 3249 502 3317 colebantur,
528 3246 635 3304 notitia
655 3256 683 3302 et
701 3245 841 3320 religione
853 3245 984 3302 inbutum
1005 3246 1057 3304 illa
1075 3266 1129 3305 auo
1148 3248 1282 3306 instituto
1296 3249 1369 3308 cele·

156 3343 241 3399 brare
267 3342 393 3398 voluisse
419 3342 581 3417 suspicatus
608 3349 659 3399 est.
705 3338 824 3396 Accedit
847 3338 924 3413 quod
945 3338 1056 3399 Herodi
1082 3341 1202 3415 eiusque
1226 3341 1368 3408 similibus

155 3436 366 3493 obsoletissima
387 3454 517 3509 quaeque
537 3435 664 3491 maxime
684 3432 848 3510 placebant,
868 3432 903 3489 cf.
924 3431 961 3489 ad
982 3452 1008 3490 v.
1024 3433 1068 3491 64.
1100 3432 1234 3492 Ceterum
1254 3434 1283 3491 in
1303 3436 1368 3512 ipso

156 3530 275 3605 Triopei
291 3530 370 3586 aditu
385 3528 511 3585 celebres
526 3528 593 3584 illae
606 3527 755 3586 columnae
769 3526 881 3604 positae
895 3526 1020 3598 fuerunt,
1040 3526 1175 3603 antiquae
1188 3526 1367 3587 litteraturae

155 3623 262 3680 atticae
284 3623 443 3679 imitatione
463 3623 590 3699 insignes
612 3620 645 3681 C.
666 3622 689 3680 1.
706 3622 752 3695 26,
772 3621 874 3680 eodem
893 3619 978 3677 titulo
999 3629 1121 3696 utraque
1141 3620 1280 3698 inscripta
1299 3624 1368 3682 lroce

156 3709 201 3774 καλ
223 3715 244 3774 οἱ
264 3711 344 3783 κίονες
359 3708 502 3794 Δήμητρος
523 3706 570 3773 καί
589 3702 675 3793 Κόρης
696 3704 830 3793 οἰνιίθημα
850 3707 896 3772 καὶ
920 3707 1033 3792 χθονίων
1053 3714 1132 3774 θεῶν·
1154 3707 1200 3773 κοιλ
1221 3708 1305 3774 saldra
1319 3715 1367 3776 θέ-

156 3832 232 3887 patron
253 3813 432 3886 μετακινῆσαι
452 3808 482 3867 ἐκ
502 3811 554 3866 τοῦ
568 3803 700 3885 Τριοπίου,
720 3798 735 3866 ό
753 3810 824 3867 ἐστιν
838 3800 879 3866 a’ul
891 3811 942 3867 τοῦ
955 3800 1045 3886 τρίτου
1060 3807 1134 3881 ἒντιῖ
1146 3803 1202 3887 ldis?
1213 3832 1246 3883 τη
1258 3803 1367 3890 'Annia

155 3903 181 3959 ἐν
201 3907 242 3981 τῷ
259 3896 385 3982 Ἡραίδου
406 3898 493 3980 clypei·
514 3899 542 3958 al
565 3895 618 3980 χεὶρ
639 3890 716 3960 λαίιον
735 3906 777 3981 τῷ
797 3894 939 3975 νοσήσαντι·
959 3893 1068 3980 μοίραις
1089 3880 1195 3978 δοίίμωι
1211 3883 1328 3963 ’ficulla

234 3997 300 4052 Duo
320 4007 387 4054 sunt
407 4016 481 4072 quae
502 4016 590 4071 supra
610 3996 712 4071 scripsi
733 3996 877 4068 carmina,
903 4013 1026 4070 quorum
1046 3993 1169 4052 alterum
1190 3995 1227 4052 ad
1247 3997 1368 4054 heroum

155 4097 338 4165 statuamque
359 4091 506 4166 Regillae,
534 4092 654 4147 alterum
675 4090 712 4146 ad
734 4089 881 4146 Minervae
901 4087 1092 4164 Nemesisque
1111 4089 1210 4146 sanum
1232 4090 1367 4165 pertinet,

157 4204 338 4241 numerorum
360 4194 420 4240 arte
441 4186 511 4241 satis
532 4185 669 4241 adcurate
687 4183 792 4240 factum
808 4193 962 4258 utrumque
976 4182 1025 4259 (cl.
1040 4182 1140 4240 Herm.
1159 4182 1245 4257 Orplt
1261 4203 1289 4259 p.
1301 4184 1366 4245 711.

156 4278 221 4335 738.
237 4278 316 4352 782),
337 4278 449 4335 dicendi
469 4297 572 4353 genere
593 4295 681 4352 saepe
695 4278 776 4335 docte
790 4277 922 4346 obscuro,
944 4277 1096 4334 verborum
1110 4276 1246 4352 ampullis
1261 4276 1367 4354 ubique

155 4373 288 4445 molest0‚
309 4372 513 4429 sententiarum
534 4372 672 4430 tenuitate
686 4372 806 4430 minime
819 4371 914 4447 digno.
944 4369 1086 4447 Longiori
1104 4369 1223 4429 carmini
1237 4371 1367 4430 Marcelli

1113 4463 1165 4521 ω.
