3262 5152
287 365 348 429 106
667 371 670 374 ’
708 366 903 437 Rpigmnmma
921 366 1086 434 sepulcralia.

325 532 367 596 20
409 527 517 595 norat
537 556 570 594 τι
592 525 732 596 πασάων
755 525 1010 617 προφερεστάτη
1032 527 1110 596 ἔσκε
1135 534 1322 616 [γυναικῶν.

410 632 466 695 καὶ
489 634 517 696 δ’
540 625 623 718 αὐτὴ
646 628 757 720 ιιοίτρρ
778 657 835 714 μιν
858 627 1019 717 ὑπείροχα
1041 631 1262 716 καδαίνοο[αα

409 734 502 797 στᾶσα
523 730 592 814 ἅμα
612 735 783 820 μυρομένη
805 757 840 799 τε
862 728 983 816 τάφοις
1004 728 1203 820 ἕνεθήκαι[ο
1226 734 1350 797 τοῖσδε.

359 867 510 929 Hadriano
534 870 678 928 recentius
703 889 767 929 esse
789 871 871 930 docet
891 890 918 927 v.
933 871 958 929 6.
1000 870 1074 929 Eius
1098 870 1175 928 enim
1194 876 1289 929 aetate
1314 872 1406 946 ooepti
1428 876 1497 955 sunt

283 960 388 1022 Graeci
408 973 437 1020 et
456 963 581 1023 Romani
602 965 658 1022 isto
679 965 763 1024 modo
783 965 908 1023 interae
928 965 1071 1041 coniungi,
1092 972 1123 1022 ut
1143 972 1260 1039 praeter
1279 982 1328 1022 eos
1349 964 1408 1022 alia
1427 983 1497 1041 gens

282 1056 363 1114 nulla
382 1075 446 1114 esse
472 1058 626 1130 videretur,
650 1059 686 1118 ci.
708 1058 771 1117 Keil
793 1057 863 1132 Syll.
887 1061 972 1116 iaecr.
993 1058 1090 1116 Βαιοι.
1115 1056 1178 1117 122.
1199 1091 1236 1100 -
1258 1059 1271 1114 l
1296 1053 1388 1136 ἔξοχον
1408 1059 1496 1116 etiam

282 1150 307 1207 ei
328 1151 468 1226 scripsere
493 1152 541 1227 qui
570 1171 604 1210 ex
626 1153 725 1229 pravis
744 1150 921 1229 apographis
941 1144 1082 1225 ἐπίληπτον
1103 1151 1243 1227 legebant.
1264 1185 1302 1194 —
1323 1149 1341 1208 2
1361 1141 1407 1209 καί
1429 1141 1496 1230 θροί-

282 1265 328 1312 σος
346 1244 479 1316 Boeckh3
500 1247 597 1322 recepi
616 1246 717 1305 Roscii
737 1246 969 1322 supplementum
989 1245 1055 1303 licet
1069 1245 1191 1304 lacunae
1203 1246 1329 1322 spatium
1347 1245 1496 1304 excedens.

282 1369 318 1381 -—
341 1339 367 1396 3.
393 1341 420 1400 6.
444 1341 487 1397 ll.
508 1339 603 1415 suppl.
624 1340 711 1399 Roas.
731 1340 807 1397 -5
834 1358 869 1397 ex
897 1337 1037 1415 Stephani
1064 1338 1233 1417 apographo
1259 1346 1374 1399 constat
1398 1339 1434 1397 ds
1457 1339 1496 1396 le·

282 1433 376 1491 ctione
390 1432 569 1507 Πανίλλησιν,
592 1433 666 1491 unde
679 1435 716 1491 ab
730 1434 814 1491 initio
835 1434 954 1491 verbum
973 1434 1201 1511 recuperandum
1222 1441 1294 1506 erat,
1314 1433 1360 1491 cui
1380 1432 1496 1492 dativus

282 1525 360 1602 iungi
385 1533 493 1603 posset.
514 1562 551 1571 —
573 1527 591 1584 6
615 1528 765 1605 legebatur
790 1520 894 1606 πατρίς,
922 1528 956 1587 ci.
984 1547 1011 1584 r.
1035 1527 1069 1585 12
1097 1534 1126 1586 et
1150 1526 1197 1585 21.
1243 1526 1382 1585 Notanda
1406 1544 1497 1603 prava

281 1619 435 1677 verborum
460 1620 639 1693 conlocati03
668 1621 793 1680 debebat
812 1620 889 1678 enim
914 1619 1047 1699 ποταμοῖο
1072 1617 1131 1699 σαί
1156 1617 1258 1700 ὄχθαῒς
1278 1626 1311 1678 ut
1330 1619 1364 1678 ll.
1385 1627 1411 1678 Δ
1429 1617 1496 1676 487.

282 1744 319 1755 -
340 1711 358 1770 9
380 1709 474 1782 είςαιεν
493 1714 580 1773 Ross.
602 1703 704 1774 α’ίνεκεν
730 1711 851 1771 Boeckh
875 1714 902 1773 h.
924 1733 948 1771 e.
969 1719 1036 1789 qaia
1055 1716 1141 1773 nobili
1160 1717 1219 1774 loco
1235 1733 1308 1790 puer
1327 1723 1408 1771 ιιαῑιιι
1427 1722 1495 1770 erut

280 1837 318 1849 -
337 1807 371 1864 10
384 1805 465 1866 κεῖνον
479 1808 606 1866 Boeclrh.
622 1812 659 1869 A.
680 1807 715 1868 P.
734 1805 807 1866 Vlll
827 1808 883 1867 483
905 1803 982 1866 ἔσται
1002 1797 1059 1887 pail
1078 1796 1094 1865 d
1105 1830 1138 1881 ’γε
1159 1806 1221 1877 ταῖς
1242 1799 1277 1866 ἐνί
1298 1798 1410 1886 δὶιίμασι
1428 1811 1496 1884 Φερ-

282 1895 425 1977 σεφονείας
445 1896 570 1975 παίγνιον,
602 1904 649 1962 ubi
679 1903 756 1979 quod
780 1900 927 1959 Planudea
953 1901 1041 1960 habet
1064 1895 1261 1981 Φερσεφονείας
1283 1903 1440 1978 acciperem
1470 1900 1495 1958 si

282 1994 425 2071 legeretur
443 1984 459 2053 ί
470 2018 503 2070 γε
524 1995 579 2065 σοῖς
600 1988 634 2055 ἐνὶ
654 1989 767 2075 δαίμοσι
788 1995 807 2055 i.
829 2015 853 2056 e.
874 1993 1014 2053 Plutonis.
1035 2029 1072 2039 —
1090 1996 1124 2053 12
1144 1989 1280 2074 Μουσαίῳ
1299 1994 1425 2066 Boeckh,
1446 1993 1496 2070 qui

282 2087 464 2149 Nicocratem
491 2092 530 2166 (ν.
549 2092 582 2167 4)
607 2091 699 2150 hlium
723 2109 788 2149 esse
812 2089 934 2167 sumpsit
958 2090 1071 2148 Musaei
1095 2096 1125 2148 et
1148 2089 1289 2149 Paulinae
1315 2092 1352 2165 (v.
1371 2090 1414 2147 15.
1438 2087 1495 2163 16),

281 2182 400 2241 fratrem
421 2185 544 2261 Ampelii
564 2186 603 2262 (v.
619 2187 676 2260 14).
696 2219 734 2228 -
755 2186 884 2243 Alterum
910 2202 1024 2242 carmen
1050 2183 1157 2242 litteris
1181 2184 1384 2260 grandioribus
1411 2201 1495 2244 orua-

282 2276 459 2354 tioribusque
487 2279 627 2355 scriptum
657 2279 779 2338 eandem
808 2286 906 2336 tamen
937 2277 1062 2337 indolem
1092 2277 1196 2355 prodit.
1223 2310 1260 2320 -
1288 2278 1322 2334 13
1351 2264 1397 2350 riv
1427 2265 1496 2353 ίεριὶν

282 2371 312 2428 in
332 2372 485 2431 notissimo
504 2390 588 2432 versu
609 2373 694 2431 etiam
715 2373 805 2450 epigr.
825 2372 989 2430 Prusanum
1011 2371 1099 2446 (infra
1120 2391 1146 2429 n.
1169 2371 1249 2446 354),
1270 2356 1316 2444 niv
1330 2358 1396 2446 ἱερὴν
1415 2373 1451 2429 Α.
1464 2368 1492 2429 P.

282 2463 338 2523 VH
358 2467 375 2523 3
396 2473 426 2525 et
444 2466 499 2524 362
521 2477 548 2525 et
567 2467 612 2525 tit
634 2484 772 2524 romanus
794 2465 929 2523 Welclrer
949 2464 1021 2538 Syll.
1043 2467 1089 2525 84.
1111 2499 1148 2508 -
1173 2465 1206 2524 16
1231 2480 1310 2521 raim
1331 2461 1495 2539 Stephanus

282 2557 394 2616 hastam
416 2570 483 2634 post
506 2583 537 2618 τε
556 2579 616 2618 non
629 2559 756 2619 litteram
776 2577 839 2617 esse
858 2560 910 2618 sed
930 2559 1191 2636 interpunctionem
1213 2559 1377 2617 adfirmans.
1404 2547 1493 2635 μήτηρ

282 2650 406 2710 Boeckh.
426 2686 464 2697 -
487 2655 521 2712 17
536 2672 579 2730 sq.
601 2655 696 2732 suppl.
717 2652 842 2712 Boeckh.
864 2687 901 2696 -
926 2653 959 2711 19
985 2669 1090 2714 rem
1112 2651 1212 2729 Steph.
1233 2674 1263 2711 τε
1282 2638 1345 2708 νίαο
1366 2650 1493 2716 Boeclrh.

281 2737 328 2805 καί
348 2742 420 2805 αἰδοῖ
437 2747 521 2807 Rosa
541 2781 578 2793 -
600 2746 638 2805 22
658 2746 753 2823 suppl.
773 2745 838 2806 edd.

280 3023 355 3086 273.
393 3024 426 3085 Iu
447 3025 531 3105 Syro.
572 3025 606 3086 C.
627 3025 650 3084 1.
673 3024 747 3082 Add.
770 3024 794 3082 ll
816 3023 891 3083 2347
912 3044 941 3101 p.

355 3142 483 3238 ’Άνόρα
505 3145 621 3234 σοφόν,
648 3145 824 3214 Μούσαισι
845 3147 1041 3227 τεταμένον,
1065 3145 1189 3213 ἐσθλὸν
1211 3143 1344 3232 ἑταῖρον

449 3255 531 3316 πᾶσι
556 3250 680 3337 φίλαις,
702 3243 821 3336 ἀγαθῷ
841 3245 1048 3337 χρησάμενον
1069 3243 1184 3332 βιότῳ,

356 3351 534 3441 Εἱρρναῖον
555 3346 669 3417 ἔδεκτο
693 3346 822 3437 ιταίτρρς
846 3347 1076 3435 Μιροττρίδος
1097 3340 1175 3412 ίίντα

447 3455 565 3536 Σῦρος.
873 3449 951 3528 1ος.Ι

355 3609 378 3649 11
403 3590 449 3649 vel
469 3607 504 3648 1n
528 3608 601 3648 saec
628 3589 821 3666 epigramma,
847 3586 924 3664 quod
946 3586 1008 3644 sine
1028 3583 1116 3643 dubio
1136 3583 1277 3660 integrum
1297 3591 1351 3642 est
1392 3587 1491 3643 Anno·

278 3706 342 3744 rum
363 3703 513 3743 numerum
532 3683 725 3760 subscriptum
745 3700 808 3741 esse
827 3682 939 3759 primus
960 3678 1033 3737 vidit
1053 3677 1256 3736 Wilamowita.

278 3810 378 3895 27521(
423 3811 479 3891 iq(
516 3818 584 3889 fest.
599 3820 654 3878 ..i-s.)
784 3843 984 3854 —-

277 3961 352 4020 274.
380 3963 496 4021 Minoae
512 3894 646 4037 'Amorgi
682 3960 729 4019 Ex
752 3958 944 4018 Baumeisteri
968 3956 1139 4034 apographo
1160 3953 1360 4016 Schneidewin
1390 3955 1490 4013 Philol.

277 4056 323 4114 IX
344 4057 408 4114 391.

363 4202 528 4292 Μοιράων
548 4228 590 4285 με
611 4202 708 4285 pisos*
732 4203 851 4288 πατρὸς
874 4195 1006 4276 ὤλεσεν,
1032 4195 1100 4288 [uhi
1124 4197 1314 4287 [β]ι[ό]ταιο

445 4300 523 4372 οὐδὲ
545 4302 655 4392 φάους
677 4304 838 4392 γλυκεροῦ
860 4301 987 4369 πολλὸν
1008 4298 1250 4388 ἐπαιρόμενον·
