3262 5152
198 421 261 486 466
672 416 870 488 Epigramma&
887 416 968 471 wia.

205 588 244 652 45
291 577 369 650 οὐδὲ
394 583 476 669 γέρα
499 587 647 669 θνητοῖς,
672 574 757 667 ἀτάρ
782 574 860 647 οόδέ
883 586 1016 647 θεοῖσιν
1039 576 1152 660 όμοια,

167 686 171 693 ’
289 687 380 771 σήμα
403 681 469 770 [deq
497 680 530 751 οἱ
552 687 635 771 νηῶι
655 679 768 749 ’ίκελον
791 675 900 769 δήμωι
921 681 955 747 έν
972 676 1131 769 Ἀθήνης.

292 783 382 874 ψυχή
408 785 445 851 δὲ
469 788 640 873 σκῆπτρον
658 780 910 864 Ῥαδαμάνθυος
931 777 1171 870 ἀμφιπολεύοι.

292 890 392 952 τοῦτο
416 885 454 952 δὲ
480 885 683 972 Φαυστείνηι
707 886 942 972 κεχαρισμένον
965 872 1064 970 ήσται
1087 877 1222 969 ἄγαλμα

291 981 402 1073 δήμωι
424 984 471 1051 ἐνὶ
498 984 666 1070 Τριόπεω,
687 984 746 1051 ἴνα
770 984 803 1052 ολ
827 985 935 1073 πάρος
959 979 1072 1072 εὐρέες
1093 979 1194 1071 ἀγροί

208 1091 250 1155 50
295 1086 352 1152 καί
373 1085 474 1173 χορός
496 1080 663 1173 ἡμερίδων
685 1087 742 1151 καί
765 1085 952 1173 ἑλαιήεντες
974 1076 1129 1172 ἀρουραι.

292 1212 333 1252 ου
353 1210 411 1269 μιν
430 1179 605 1271 ἀτιμήσειε
629 1183 703 1275 θεή,
727 1188 884 1269 βασίλεια
907 1187 1079 1272 γυναικών,
1111 1253 1116 1262 ,

297 1284 494 1371 ἀμφίπολον
517 1283 647 1372 γεράιυν
666 1283 780 1369 ἔμεναι
802 1287 858 1352 καὶ
881 1280 1012 1351 ὀπάονα
1034 1280 1175 1371 νόμφην·

298 1381 377 1453 οὐδὲ
400 1384 462 1472 γάρ
484 1380 676 1471 Ἰφιγένειαν
698 1385 863 1470 ἐύθρονος
880 1382 1058 1473 Ἰοχὲαιρα,

298 1480 368 1551 οὐδ’
383 1483 506 1572 Ἕρσην
528 1490 697 1572 γοργῶπις
718 1481 929 1574 ἀπητίμησεν
942 1482 1080 1573 Ἀθήνη,

210 1593 250 1655 55
296 1581 375 1651 οόδέ
395 1610 452 1666 μιν
473 1581 638 1674 ήρηίνηισι
661 1588 850 1674 παλαιῇσιν
870 1587 1039 1668 μεδέουσα

300 1686 475 1772 Καίσαρος
497 1684 659 1772 ἰφθίμοιο
683 1686 881 1772 παρόψεται
902 1679 1027 1768 όμτινια
1049 1683 1169 1774 μήτηρ,

297 1786 333 1866 ές
351 1787 451 1870 χορὸν
473 1786 651 1876 ἐρχομένην
675 1784 870 1875 προτεράιυν
892 1780 1077 1874 ήμιθεάων,

295 1877 316 1975 ή
341 1885 438 1969 λάχεν
459 1881 617 1975 ήλυσίησι
637 1890 896 1976 χοροστασίησιν
918 1882 1084 1965 ἀνάσσειν,

211 1993 253 2060 59
297 1983 397 2074 αίπήι
418 1991 446 2051 τ’
464 1982 632 2074 Ἀλκμήνη
655 2013 691 2053 τε
712 1986 862 2075 μάκαιρά
883 2013 920 2055 τε
943 1986 1155 2075 Καδμεϊώνη.

220 2227 251 2291 b.
297 2219 424 2301 Πότνί,
443 2220 618 2310 ’Λθηνάων
639 2220 799 2312 ἐπιήρανε
826 2220 1051 2309 Τριτογένεια,

299 2320 319 2408 ή
342 2325 368 2387 τ’
392 2322 449 2388 ἐπὶ
472 2319 552 2408 ἔργα
574 2326 704 2406 βροτῶν
724 2317 841 2411 ὁράᾳς,
861 2319 1077 2404 Ῥαμνουσιάς
1094 2316 1196 2410 Οάπι,

299 2424 443 2506 γείτονες
466 2415 646 2507 ἀγχίθυροι
665 2417 790 2511 Ῥώμης
812 2419 1109 2508 ἑκατονταπόλοιο,

298 2521 417 2588 πείονα
439 2522 479 2610 δή
504 2522 562 2586 καί
584 2520 689 2597 τόνδε,
712 2520 790 2607 θεά,
814 2520 998 2609 τειμήσατε
1020 2528 1137 2613 χῶρον,

300 2625 407 2704 δί’μον
428 2619 566 2708 Δηώοιο
590 2620 778 2708 φιλόξεινον
805 2618 969 2710 Τριόπαο,

217 2728 257 2792 65
303 2718 415 2809 τόφρα
438 2746 475 2787 κε
498 2722 553 2787 καί
581 2722 761 2808 Τριόπειαι
783 2725 817 2790 έν
839 2718 1025 2801 ἀθανάτοις
1047 2723 1262 2814 ἀλέγησθο[ν.

302 2815 348 2900 άς
370 2817 426 2886 ὅτε
449 2824 506 2886 καί
525 2816 723 2903 Ῥαμνοῦντα
746 2824 803 2888 καὶ
825 2819 1026 2910 εὐρυχόρους
1047 2825 1081 2903 ἐς
1099 2821 1248 2914 Ἀθήνας

301 2925 437 3009 ηλθετε,
462 2921 599 3003 δώματα
622 2924 751 3008 πατρὸς
773 2922 988 3009 ἐριγδούποιο
1010 2927 1181 3001 λιποῦσαι,

301 3014 347 3098 ῶς
367 3019 464 3089 τάνδε
487 3023 619 3113 ήώεσθε
641 3021 903 3108 πολυστάφυλον
924 3027 995 3088 κατ’
1020 3019 1156 3115 ἀλωή[ν,

302 3117 382 3209 λήιά
404 3147 439 3189 τε
462 3120 610 3205 σταχύων
633 3122 690 3187 καὶ
713 3122 850 3209 δένδρεα
875 3121 1077 3210 βοτρυόεντα

219 3227 261 3290 70
304 3219 472 3304 λειμώνων
492 3248 529 3289 τε
552 3219 659 3305 κόμας
680 3217 945 3312 άπαλοτρεφέων
966 3223 1168 3309 έφέπουσαι.

305 3314 386 3404 όμμι
410 3322 473 3412 γὰρ
492 3318 644 3411 Ἡρώδης
665 3320 757 3408 ἱερόν
779 3320 841 3389 ἀνὰ
864 3332 962 3411 γαῖαν
984 3325 1070 3415 ἕηκε,

303 3420 363 3510 τήν
385 3419 489 3510 ὅσσην
510 3425 588 3509 περὶ
609 3428 717 3505 τεῖχος
739 3421 894 3510 έότροχον
916 3425 1153 3514 ἐστεφάνωται,

305 3516 464 3608 ἀνδράσιν
486 3517 699 3608 ὀψιγόνοισιν
720 3518 878 3611 ἀκινήτην
901 3529 956 3591 καὶ
979 3518 1103 3593 ἀσυλον

307 3617 456 3703 ἔμμεναι·
481 3618 500 3708 ή
524 3624 552 3686 δ’
577 3622 636 3688 ἐπί
658 3621 690 3687 ολ
714 3623 749 3701 ἐξ
772 3619 959 3692 ἀθανάτοιο
983 3628 1129 3716 καρήνου

220 3726 259 3789 75
305 3718 511 3808 σμερδάλεον
534 3721 659 3788 σίοασα
683 3722 790 3809 λόφον
812 3726 1008 3792 κατένευσεν
1023 3722 1163 3816 Ἀθήνη,

302 3822 348 3909 μή
371 3847 434 3887 τωι
456 3820 616 3910 νήποινον
637 3824 748 3905 βῶλον
768 3823 849 3905 μίαν
871 3821 893 3912 ή
915 3826 972 3892 ἕνα
998 3829 1081 3894 λᾶαν

304 3917 470 4005 όχλίοσαι,
491 3922 568 3989 ἐπεὶ
592 3919 631 3988 οὐ
652 3927 780 4010 μοιρῶν
801 3919 931 4014 ἀτρεῖες
953 3922 1103 4014 ἀνάγκαι,

304 4018 341 4100 ίίς
364 4047 401 4087 κε
424 4026 514 4087 θεῶν
536 4017 684 4089 ἑδίεσσιν
707 4020 924 4114 ἀλιτροσόνην
947 4023 1092 4117 ἀναθήη.

306 4122 403 4186 κλῦτε
425 4122 632 4207 περικτίονες
655 4125 712 4189 καὶ
735 4125 879 4210 γείτονες
900 4122 1094 4213 ἀγροιῶται·

221 4223 263 4287 80
306 4218 396 4306 ἱερός
418 4212 516 4300 οίπος
537 4220 555 4287 ό
577 4227 693 4310 χῶρος,
717 4220 867 4312 ἀκίνητοι
891 4228 927 4293 δὲ
949 4229 1096 4305 θέαιναι,

305 4322 362 4387 καὶ
384 4323 608 4411 πολυτίμητοι
630 4327 688 4390 καὶ
711 4320 868 4408 ἀποσχεῖν
890 4320 972 4408 οὖας
993 4327 1138 4413 ἕτοιμαι·
