3292 5152
279 369 341 435 234
697 371 892 438 Epigrammata
911 370 1074 439 sepulcralia.

281 538 374 597 ⁸575,
410 539 546 614 Neapoli.
574 540 750 616 Anaglypho
770 541 816 597 vir
836 541 936 598 adstat
954 558 1072 596 manum
1094 539 1245 614 porrigens
1267 540 1402 614 puerulo,
1423 559 1499 616 pone

282 652 366 709 quem
387 633 424 690 ad
444 634 575 691 dextram
596 633 707 691 mulier.
746 632 779 692 G.
800 634 820 694 L
844 633 928 692 5816.

280 782 311 822 α.
354 750 492 842 ’Ἀγγελε
522 751 746 843 Φερσεφόνης,
768 752 881 844 Ἑρμῆ,
905 756 978 821 τίνα
1002 753 1095 822 τόνδε
1120 761 1333 844 προπονπεῖς

452 854 499 935 ελς
521 857 578 922 τὸν
600 852 781 943 ἆμείδήτσν
807 854 982 942 Τάρταρον
1001 851 1138 934 Ἀίδεω·

279 965 310 1041 β.
361 954 465 1046 μοῖρά
487 984 539 1036 τις
561 953 727 1040 ἀεικέλιος
749 956 806 1023 τόν
824 951 993 1042 Ἀρίστων’
1019 955 1141 1044 ήρπαο’
1166 952 1224 1024 ἀπ’
1248 953 1353 1045 αὐγῆς

453 1055 621 1146 ἓπταέτρι,
645 1059 768 1141 μέσσος
791 1061 820 1124 δ’
844 1057 933 1124 ἐστὶν
956 1054 974 1122 ό
999 1064 1080 1137 παῖς
1102 1062 1250 1144 γενετιῦν.

282 1185 313 1223 α.
372 1159 581 1246 δακρυχαρής
605 1157 775 1234 Πλοιλτων,
799 1154 839 1224 οὗ
862 1155 1033 1243 πνεύματα
1056 1156 1165 1226 πάντα
1187 1155 1325 1245 βρότεια

455 1261 509 1325 σοὶ
529 1261 663 1341 νέμεται
671 1288 680 1334 ;
716 1260 749 1325 τί
771 1264 907 1346 τρυγᾶις
930 1253 1087 1346 όμιρακας
1109 1256 1260 1348 ήλικίηςς

358 1416 369 1455 1
390 1399 435 1455 vel
455 1416 478 1455 n
500 1398 615 1456 saeculi.
631 1433 667 1441 -
684 1398 730 1455 De
750 1399 913 1474 antiquiore
933 1401 1018 1458 huius
1040 1400 1235 1476 similiumque
1256 1399 1498 1475 epigrammatum

282 1494 438 1568 archetypo
459 1493 524 1550 vide
544 1511 619 1569 quae
633 1493 771 1550 adnotavi
792 1494 830 1551 ad
851 1494 967 1552 titulum
988 1493 1187 1554 Cotiaeensem
1207 1513 1297 1568 supra
1316 1512 1343 1551 n.
1359 1493 1413 1550 371
1430 1512 1498 1550 con-

281 1587 351 1643 latis
378 1605 451 1660 quae
471 1587 529 1645 iam
551 1594 695 1645 secuntur.
718 1620 754 1629 —
774 1589 783 1642 l
803 1588 967 1665 πριπσμτεῖς
988 1590 1133 1662 waldker,
1155 1590 1232 1665 quod
1253 1606 1304 1646 cur
1325 1588 1387 1645 sine
1401 1605 1499 1644 eausa

282 1679 406 1756 positum
436 1687 553 1738 censeat
573 1680 667 1737 Franz
693 1700 748 1738 non
771 1693 892 1756 exputo;
923 1702 1014 1758 neque
1040 1684 1116 1740 enim
1141 1683 1247 1759 legitur
1267 1682 1295 1738 in
1317 1681 1414 1756 lapide
1436 1700 1498 1757 προ·
1569 1737 1574 1743 ,

282 1771 406 1846 πέμπεις.
435 1806 472 1816 -
498 1775 515 1830 3
543 1775 699 1849 respondet
722 1775 898 1848 Mercurius,
929 1796 985 1834 non
1013 1795 1044 1834 se
1070 1778 1120 1836 sed
1147 1777 1238 1834 fatum
1264 1777 1291 1832 in
1320 1774 1406 1851 eulpa
1434 1775 1498 1831 esse

281 1868 418 1943 additque
440 1871 592 1927 consolans
607 1879 743 1945 parentes
757 1869 867 1943 priores
888 1870 992 1928 obiisse
1007 1889 1115 1946 eoaque
1135 1873 1211 1929 inter
1231 1869 1356 1928 medium
1377 1886 1498 1944 puerum

281 1963 425 2038 sepultum
448 1980 519 2022 esse.
561 1963 673 2021 Deinde
694 1962 756 2019 sive
777 1962 871 2021 viator
892 1965 953 2022 eive
973 1966 1035 2041 ipae
1060 1976 1146 2040 poeta
1167 1963 1283 2022 Plutoni
1305 1961 1428 2020 crimina
1455 1961 1499 2017 in-

280 2057 376 2116 tendit
394 2055 566 2115 atrocitatis.

282 2326 448 2399 aaa-578,
470 2345 592 2403 quorum
613 2327 723 2401 primus
743 2338 771 2385 et
794 2328 895 2386 tertius
915 2328 1049 2401 Romani,
1075 2329 1217 2386 secundus
1242 2329 1376 2387 Albanus
1395 2326 1498 2385 titulus

200 2456 203 2463 ·
280 2429 334 2483 est.

358 2550 381 2607 1.
423 2548 455 2607 C.
476 2548 498 2606 l.
521 2547 607 2606 6257.

369 2663 585 2757 Μενεκράτης
609 2668 839 2738 Ἀπολλωνίου
869 2668 939 2749 υἱὸς
966 2671 1048 2737 ε’τιῦν
1074 2672 1119 2758 δ’,
1153 2676 1265 2759 μηνῶν
1292 2671 1336 2748 δ’,
1371 2668 1499 2748 Τατίας

284 2772 497 2849 Βαυκυλίδος
527 2774 764 2859 δωρησαμένης
785 2764 889 2837 τόπον
907 2767 1122 2859 Ἀπολλωνίῳ
1141 2768 1302 2840 Ἀττάλου
1322 2775 1370 2858 τῷ
1394 2770 1497 2856 πατρὶ

1297 2867 1409 2938 αὐτοῦ.

424 3001 520 3091 ’Ἀρτι
541 3031 583 3088 με
607 3005 781 3091 γευόμενον
805 3007 892 3086 ζωᾶς
913 3009 1041 3093 βρέφος
1065 3004 1195 3096 ήρπασε
1220 3005 1357 3089 δαίμων,

526 3103 586 3173 oin
609 3099 673 3170 οἶδ’
697 3101 763 3170 εἴτε
786 3102 926 3191 ἀγαθῶν
949 3104 1057 3173 αἴτιον
1080 3105 1146 3174 εἴτε
1169 3110 1289 3172 κακῶν·

434 3203 606 3295 ἆπλήρωτ’
625 3201 731 3274 Ἀίδα.
756 3205 789 3272 τί
809 3232 851 3289 με
875 3203 994 3295 νήπιον
1018 3207 1173 3297 ήρπασας
1195 3208 1400 3295 ἐ[χ]θρ[ὦ]ς,·

526 3308 560 3374 τί
582 3306 753 3387 σπειλδειςς
788 3303 827 3373 οὗ
850 3309 902 3374 σοὶ
928 3306 1049 3387 πάντες
1072 3305 1301 3394 όφειλόμεθα;

360 3450 377 3505 3
398 3462 526 3505 εκθεοιε
546 3467 620 3506 corr.
641 3445 824 3522 Hagenbnoh.

360 3592 399 3650 ΙΙ.
440 3590 473 3651 O.
488 3593 509 3649 1.
530 3591 616 3652 6205.

398 3708 525 3790 ’Ἀνβος
547 3715 610 3800 ἐγώ
632 3715 783 3806 λεγόμην,
809 3718 880 3797 υἱὸς
898 3716 1113 3803 Ἑρμογένους
1134 3739 1170 3780 τε
1194 3716 1251 3781 καὶ
1279 3708 1428 3801 Φόρμής,

410 3808 561 3902 ἀνθήσας
584 3817 620 3879 δὲ
644 3819 753 3896 καλῶς
777 3817 883 3885 ἔτεσιν
906 3816 999 3883 δυσὶν
1021 3809 1080 3895 οὐχ
1104 3810 1296 3904 ὁλοκλήρως

410 3914 522 3999 φωτός
546 3908 790 4001 ἇιραρπασέλεὶς
813 3916 999 4005 πρόμοιρον
1020 3919 1147 4005 βρέφος
1170 3908 1290 3981 evadne
1315 3920 1437 3999 κεῖμαι,

506 4018 560 4080 καὶ
585 4012 644 4080 adn
667 4011 743 4083 nido
767 4016 833 4085 εἴτε
857 4022 964 4096 καλῶς
987 4016 1052 4084 εἴτε
1076 4021 1186 4094 κακῶς
1207 4014 1339 4081 ἔθανον.

306 4122 324 4183 5
411 4109 581 4202 ότιλήρωι·’
602 4111 707 4201 Ἀιίλιι,
731 4121 763 4184 τί
784 4145 824 4199 με
850 4115 967 4205 νήπιον
991 4118 1140 4200 λ’ρπασες
1162 4114 1268 4193 οὕτως

413 4211 560 4294 σπεύσας
580 4222 639 4280 τοῦ
655 4217 710 4304 ζήι
725 4244 767 4300 με
784 4222 953 4305 orandorum
989 4216 1056 4308 ο[ό]
1073 4222 1126 4285 σοὶ
1145 4213 1264 4294 πάντες
1280 4211 1488 4301 όιριλόμεθο;
