3262 5152
743 399 879 469 praefatio
1385 414 1423 463 ιχ

203 567 301 626 sciunt
330 567 382 643 qui
412 566 616 626 admirabilem
648 567 711 627 eius
743 567 905 627 doctrinam
934 571 1083 641 noverunt,
1116 566 1185 642 quid
1215 568 1339 628 voluerit
1368 591 1422 648 pro

204 670 321 747 egregia
341 669 404 728 eius
424 688 495 746 erga
514 688 560 728 me
581 671 732 730 voluntate
753 670 848 729 omnis
873 668 933 728 iere
957 669 1065 746 pagina
1091 669 1247 730 clamitat:
1267 673 1311 730 illi
1335 675 1422 752 igitur

205 772 365 831 iucundum
386 778 434 830 est
453 772 540 831 etiam
562 773 674 848 publice
693 773 804 850 gratias
825 790 911 849 agere
930 772 1099 848 singulares.

285 874 353 952 lpse
377 875 502 951 denique
527 894 615 950 quam
641 875 863 934 adcuratissime
891 874 969 932 tituli
995 875 1083 932 verba
1109 877 1300 935 transcribere
1324 880 1423 938 studui

207 996 243 1035 ne
269 976 501 1054 orthographicis
526 977 642 1054 quidem
668 976 780 1036 mendis
807 976 939 1048 sublatis,
970 977 1030 1034 iota
1047 985 1128 1034 muto
1148 978 1224 1053 quod
1245 979 1350 1039 dicitur
1370 981 1421 1041 ad-

208 1079 319 1156 scripto
340 1079 390 1138 nbi
411 1079 535 1139 traditur
555 1079 740 1155 adscriptum,
762 1079 926 1155 subscripto
951 1079 1002 1136 ubi
1026 1079 1167 1138 omissum
1191 1091 1235 1139 est
1258 1082 1288 1139 in
1314 1082 1420 1159 lapide

210 1182 394 1242 Emendandi
424 1183 540 1259 copiam
569 1183 611 1240 ita
638 1183 706 1239 mihi
732 1181 832 1257 paravi
857 1187 890 1238 ut
914 1181 1012 1239 varias
1036 1191 1065 1238 et
1090 1180 1297 1257 lapidariorum
1324 1196 1352 1243 et
1372 1187 1422 1245 de-

208 1285 394 1343 scribentium
415 1285 530 1343 errandi
549 1301 654 1343 causas
674 1284 738 1359 ipse
757 1302 821 1342 cum
842 1284 872 1341 in
884 1282 1009 1343 Graecia
1024 1282 1166 1360 Italiaque
1185 1285 1255 1344 olim
1275 1287 1421 1346 biennium

210 1405 343 1446 versarer
363 1388 435 1446 satis
455 1397 591 1464 expertus
612 1387 660 1444 ubi
682 1386 745 1444 lieri
765 1386 860 1463 poluit
877 1385 1031 1463 diligenter
1043 1386 1204 1445 litterarum
1218 1388 1422 1448 similitudines

208 1490 342 1562 rimarer,
376 1490 425 1547 ubi
458 1509 496 1547 ex
528 1488 764 1567 apographorum
794 1488 891 1547 indole
921 1489 985 1547 fieri
1015 1491 1155 1565 nequibat
1183 1490 1421 1569 epigrammatum

206 1611 290 1650 usum
310 1592 359 1649 diu
379 1593 563 1651 observatum
584 1610 735 1666 sequerer3
756 1609 813 1666 quo
834 1590 925 1650 fretus
945 1610 1000 1650 usu
1019 1593 1134 1668 saepius
1154 1593 1257 1650 mutila
1269 1593 1420 1651 restituere

205 1704 324 1753 conatus
345 1712 419 1766 sum,
440 1702 471 1751 ut
490 1695 630 1771 pristinae
654 1694 766 1751 formae
791 1693 947 1769 imaginem
973 1704 1238 1772 repraesentarem
1269 1696 1348 1771 quod
1372 1697 1421 1773 qui

207 1797 345 1856 audacius
365 1797 473 1856 iactum
496 1796 644 1856 clamitent
668 1797 818 1874 ignoscant
843 1796 892 1854 ubi
919 1797 991 1855 bene
1020 1797 1105 1856 cessit
1135 1817 1232 1874 opera,
1263 1798 1313 1856 ubi
1345 1799 1422 1857 male

207 1900 295 1958 cessit
314 1901 460 1978 corrigant
479 1899 546 1977 ipsi.

283 2000 419 2062 Ceterum
441 2003 552 2061 monito
578 2002 628 2059 vix
648 2019 723 2077 opus
749 2011 792 2058 est
816 2020 890 2076 quac
917 2003 954 2060 ab
988 2001 1054 2059 aliis
1079 2002 1197 2059 iuventa
1222 2013 1289 2061 sunt
1314 2023 1349 2061 ea
1375 2005 1422 2062 vel

204 2105 402 2164 minutissima
421 2105 458 2162 ad
480 2123 562 2163 suum
583 2121 714 2180 quaeque
735 2111 882 2161 auctorem
902 2123 948 2161 me
968 2103 1129 2175 rettulisse;
1160 2103 1211 2162 ubi
1239 2123 1343 2163 nomeu
1365 2126 1419 2163 uon

205 2207 322 2265 additur
340 2226 407 2266 meo
428 2208 522 2284 ipsius
543 2203 589 2283 agi
609 2206 738 2282 periculo
760 2205 870 2264 scitote.
900 2205 1047 2264 Permulta
1060 2206 1156 2264 minus
1170 2226 1257 2282 quam
1272 2206 1420 2265 volueram

206 2310 359 2369 emendata
378 2318 406 2368 et
426 2309 571 2388 perpolita
591 2315 769 2381 manserunt,
791 2327 913 2384 quorum
934 2308 993 2365 alia
1013 2309 1068 2366 nisi
1089 2308 1172 2366 novis
1193 2309 1329 2367 adhibitis
1350 2330 1420 2386 upo-

206 2413 329 2489 graphis
350 2412 500 2472 emendari
519 2430 607 2488 posse
628 2411 790 2487 desperavi,
818 2410 877 2468 alia
897 2411 921 2467 si
943 2411 1007 2485 quis
1028 2411 1161 2486 sagacior
1180 2411 1292 2489 integro
1316 2413 1422 2471 iudicio

209 2535 268 2575 rem
292 2516 451 2593 adgressum
471 2515 525 2572 crit
545 2514 625 2572 facili
644 2514 767 2572 sortasse
786 2531 876 2588 opera
901 2514 1087 2571 sanabuntur.
1129 2515 1193 2590 Ego
1224 2515 1267 2573 cui
1299 2515 1347 2572 diu
1378 2515 1421 2572 iu-

207 2619 292 2676 cnbui
312 2617 449 2677 thesauro
470 2616 585 2676 tandem
606 2636 622 2674 e
642 2616 775 2675 manibus
796 2616 918 2673 dimitto.

283 2720 415 2780 Relicum
435 2730 479 2779 est
500 2729 531 2777 ut
550 2719 656 2778 addam
676 2737 751 2795 quae
771 2718 940 2777 additurum
962 2738 1008 2777 me
1028 2738 1118 2795 supra
1137 2719 1337 2796 promiseram.

209 2950 238 3008 2.
279 2950 413 3009 Artificis
442 2968 548 3007 nomen
581 2947 707 3008 restituit
735 2947 853 3024 Lolling
884 2948 1011 3007 Mittltcil.
1042 2950 1089 3006 des
1120 2950 1259 3007 arclaeol.
1291 2950 1362 3006 lust.
1394 2953 1421 3004 in

207 3053 328 3112 Artml
352 3053 406 3111 175
422 3049 560 3130 Ἀριστίων
580 3038 702 3128 Il]u'prcc.
744 3049 788 3109 Cf.
810 3069 886 3125 quae
907 3061 1049 3109 secuntur.

208 3249 282 3309 Add
303 3250 361 3309 da.
402 3247 572 3325 Subscripta
591 3247 664 3304 vidit
683 3246 802 3323 Lolling
822 3247 840 3306 1.
856 3266 877 3304 a
892 3267 913 3306 s.
935 3247 1020 3306 haec:

596 3389 1008 3434 ι1ΤΙΟΝ11ΑΙ>Ι.....0.’1Ε

207 3519 338 3585 rccoequa
358 3507 429 3586 legit
445 3498 595 3586 ἈριῙστίων
610 3529 616 3563 :
631 3494 744 3582 IIu'pr[09
760 3527 766 3561 z
781 3495 928 3580 ἐπ]ο’[η]σε.

208 3686 262 3760 ⁶9,
285 3688 310 3746 l.
369 3686 432 3764 lege
465 3678 505 3744 Ὦ
544 3689 589 3744 τόν
628 3682 699 3741 κτλ’.

207 3863 262 3938 88,
286 3868 311 3924 l.
352 3864 397 3925 cf.
419 3863 580 3923 Democriti
601 3865 678 3940 apud
700 3861 779 3922 Stob.
805 3882 885 3921 aaut.
904 3863 932 3920 V
953 3864 990 3922 st
1016 3856 1121 3942 ἄριστον
1146 3855 1280 3942 ἀνθρώπῳ
1301 3854 1346 3921 τᾶν
1366 3860 1422 3941 βίον

207 3959 304 4043 did-pso
324 3965 361 4037 ὥς
383 3966 501 4026 πλεῖστα
521 3963 717 4044 &dapsilem
738 3957 784 4023 aul
805 3957 942 4045 ἐλάχιστα
956 3966 1121 4041 λυπηθέντα.

206 4197 275 4257 us.
316 4197 436 4256 Litteris
471 4215 606 4255 versuum
633 4196 795 4255 initialibus
827 4217 930 4256 nomen
957 4197 1147 4275 Sarapionem
1178 4197 1318 4257 contineri
1349 4199 1421 4258 vidit

206 4298 322 4374 Nauck3
344 4301 394 4360 ubi
413 4300 562 4359 monuerit
580 4300 709 4360 indicare
730 4319 805 4358 nuuc
826 4321 882 4359 non
904 4320 989 4378 queo.
1030 4301 1165 4378 lntellege
1187 4305 1315 4381 poetam.

715 4440 915 4452 ——u—
