3262 5152
200 369 264 435 440
433 352 437 359 ’
620 368 818 436 Epigrammata
835 366 1002 421 dedicatoria.

201 544 278 597 tasse
298 537 365 617 ὁμιῒι
386 539 426 614 (ν.
441 538 503 612 48).
532 536 631 594 Mutae
652 543 750 594 tamen
764 535 849 596 huius
861 537 977 597 litterae
992 554 1062 597 usus
1076 543 1216 615 vergente
1229 537 1292 597 iarn
1304 540 1420 599 saeeulo

201 633 328 692 seeundo
348 634 555 690 intermortuus
576 638 630 704 est,
655 640 687 688 ιιι
707 649 744 687 ne
763 630 793 686 in
819 631 944 708 publicis
971 632 1091 708 quidem
1110 631 1201 691 titulis
1232 640 1302 709 post
1321 630 1420 693 Severi

202 729 262 786 sere
280 736 414 802 tempora
434 727 496 783 eius
516 725 717 801 deprehendas
738 725 872 801 vestigia,
892 726 1001 784 revixit
1015 736 1112 785 autem
1126 726 1206 803 quod
1220 726 1340 803 saepius
1359 746 1421 786 mo-

204 823 253 880 nui
274 828 380 897 quarto
400 819 623 896 insequentiqus
643 818 768 892 saeculo,
789 820 897 897 quippe
917 821 998 879 euius
1019 820 1122 879 aetatis
1148 838 1204 897 quo
1229 818 1347 897 longius
1370 822 1421 881 ab·

202 908 278 975 esset
292 915 438 990 ingenium
452 915 488 971 ab
503 914 623 989 antiqua
643 912 757 971 dicendi
771 914 971 992 sentiendique
984 914 1159 992 integritate,
1178 932 1215 973 eo
1228 914 1324 991 magia
1336 916 1421 993 nugis

203 1011 378 1087 quibusdam
400 1018 428 1066 et
447 1007 564 1083 pusillis
583 1008 669 1065 rebus
689 1006 876 1082 antiquitatis
897 1009 1023 1085 speeiem
1043 1009 1186 1086 adrogare
1198 1007 1316 1067 soleret.
1346 1010 1421 1069 Con·

203 1102 306 1163 stantii
319 1101 543 1177 Constantisque
567 1101 626 1159 irae
646 1102 676 1158 iu
696 1100 874 1160 Graecorum
895 1120 978 1160 sacra
996 1102 1124 1179 graviter
1143 1102 1258 1179 quidem
1281 1102 1423 1163 saeviisse

204 1199 375 1274 accepimus,
397 1197 448 1254 sed
469 1195 585 1254 illorum
606 1196 735 1253 studium
756 1206 895 1270 quantum
910 1196 1012 1273 reliqui
1026 1195 1129 1254 iecerit
1142 1195 1305 1255 Theodosii
1319 1197 1423 1256 docent

203 1293 348 1369 rescripta
361 1291 492 1349 acerrimi
506 1308 649 1347 novorum
664 1307 812 1347 sacrorum
826 1291 956 1350 vindicis.
989 1290 1059 1349 Mihi
1073 1296 1179 1366 quarto
1193 1289 1312 1350 saeculo
1325 1290 1422 1351 medio

206 1406 263 1446 non
283 1385 430 1461 antiquior
450 1383 564 1441 videtur
584 1384 707 1460 hymnus
728 1403 789 1443 esse
808 1385 838 1442 in
859 1383 948 1444 leidis
969 1386 1108 1444 honorem
1128 1386 1165 1443 ab
1185 1384 1311 1443 Andriis
1331 1383 1423 1463 lapidi

205 1480 368 1539 mandatus.
398 1476 572 1555 Aegyptium
593 1484 708 1553 poetam
728 1479 819 1537 fuisse
839 1479 962 1537 coniecit
981 1478 1080 1556 Bergk
1098 1496 1193 1555 neque
1211 1478 1266 1537 hoc
1285 1478 1424 1555 inproba·

205 1573 313 1643 bilder,
333 1572 386 1630 etei
401 1590 476 1647 quos
491 1579 634 1630 memorat
646 1571 726 1630 illius
740 1572 906 1649 provinciae
920 1577 1023 1647 poetas
1037 1573 1148 1648 Cyrum
1161 1570 1321 1631 Oolnthum
1334 1573 1423 1631 Pam·

206 1667 341 1744 prepium
355 1665 577 1726 christodorum
592 1665 841 1744 Tryphiodorum‚
862 1683 963 1724 omnes
982 1664 1015 1723 hi
1028 1685 1121 1724 novae
1134 1666 1285 1727 cuiusdam
1300 1667 1424 1727 recenti·

206 1761 325 1837 orisque
345 1760 448 1819 aetatis
468 1767 551 1831 sunt;
582 1770 649 1836 apte
669 1772 765 1819 tumen
784 1761 912 1838 Eunapii
939 1759 1045 1819 adtulit
1069 1760 1166 1819 locum
1191 1762 1252 1839 (eit.
1272 1762 1424 1821 Proderea.

206 1875 235 1935 p.
251 1854 302 1931 92)
322 1877 351 1913 το
343 1843 403 1912 δὲ
423 1848 495 1921 ἔθνος
517 1854 791 1968 (Aegyptiorum)
744 1848 820 1932 )crrl
842 1857 961 1946 ποιητικῇ
985 1849 1034 1931 μὲν
1062 1844 1170 1934 σφίὸρα
1195 1847 1332 1933 μαίνεται,
1355 1853 1368 1914 ὅ
1396 1850 1426 1915 dl

208 1945 378 2016 σπουδαῖος
380 1950 476 2026 Ερμῆς
497 1945 590 2006 αὐτῶν
610 1942 827 2029 ἀποκεχωρηκεν.
858 1950 941 2009 Idem
961 1948 1196 2024 antiquissimum
1210 1948 1333 2027 lapidi'
1323 1950 1425 2011 inseri·

206 2054 322 2123 ptorum
343 2043 519 2155 hymnorum
539 2043 704 2119 exemplum
725 2062 808 2102 mone
809 2045 898 2105 travit
918 2043 1007 2102 Paus
1021 2042 1067 2101 lx
1090 2043 1135 2116 16,
1150 2046 1160 2100 l
1152 2039 1340 2157 ιἰτίτιεριψε
1361 2040 1423 2103 dl
1411 2066 1423 2103 ο

208 2132 338 2216 Πίνδαρος
360 2158 406 2195 και
398 2124 566 2214 Λιβιίης’
554 2159 580 2205 ες
597 2134 777 2217 Ἀμμωνίους
797 2162 838 2219 τιιι
853 2125 1034 2217 ''Apparet‘'
1013 2155 1107 2215 υμνον·
1133 2159 1212 2207 ουτος
1237 2130 1285 2196 καὶ
1312 2158 1348 2206 εις
1373 2132 1426 2217 lyal

209 2255 238 2307 ην
258 2229 269 2289 ὁ
290 2253 374 2310 υμνος
395 2229 421 2288 ἒν
440 2218 559 2310 τριγιίνιιρ
581 2222 666 2325 στήλη
689 2223 762 2312 σαριὶ
787 2254 831 2291 τιν
857 2220 995 2311 Bupalo
979 2253 1007 2289 ον
1026 2229 1202 2309 Πτολεμαῖος
1227 2228 1240 2290 ὃ
1262 2222 1364 2307 Λιίγου
1384 2234 1427 2312 rq'i

204 2317 339 2405 Ἄμμωνι
359 2322 482 2399 ἀνέθηκε.
522 2306 661 2384 Feliciter
680 2334 779 2386 autem
798 2326 905 2385 lactum
926 2335 971 2385 est
991 2331 1023 2384 ut
1042 2344 1078 2383 ex
1098 2323 1220 2383 Diodori
1239 2325 1305 2385 loeo
1325 2325 1426 2403 (127t

210 2439 268 2496 quo
289 2426 319 2477 et
331 2419 430 2497 Bergk
451 2428 480 2479 et
495 2418 613 2496 Sauppe
635 2420 678 2476 usi
699 2428 776 2493 sunt,
798 2420 916 2478 alterius
930 2419 1015 2478 Isiaci
1036 2417 1138 2495 hymni
1157 2418 1293 2479 notitiam
1313 2419 1425 2497 sempo-

210 2532 318 2586 remus,
344 2513 466 2571 acuius
492 2513 626 2591 exemplo
650 2532 742 2626 prope
767 2516 850 2573 abest
869 2513 1049 2572 Andriorum
1069 2521 1165 2590 poeta.
1204 2512 1259 2572 Ille
1278 2513 1355 2574 enim
1375 2512 1426 2573 orla

211 2605 302 2679 ἄγνου
322 2603 360 2680 δέ,
381 2607 487 2741 inquit3
505 2592 570 2665 διίτι
589 2602 654 2675 τινὲς
674 2631 727 2667 των
749 2607 936 2761 ουνργραῴέων
955 2598 1147 2685 ἀποφαίνονται
1166 2597 1230 2678 roilo
1250 2598 1359 2688 τιίῴους
1373 2610 1428 2668 τιιῒν

212 2818 265 2853 των
285 2794 387 2854 Bawv'
376 2795 611 2909 εσιγερραμμένην
630 2776 685 2863 τοῖς
706 2794 779 2874 ἱεροῖς
801 2784 974 2906 γροίμριασιν.
974 2748 1091 2854 ,ἐπὶ
1058 2818 1107 2873 μεν
1128 2818 1172 2854 ουν
1191 2800 1240 2871 τῆς
1252 2791 1385 2867 ’ledor'
1372 2816 1427 2856 εον·

212 2881 415 2968 yeqpoiqrbor·
404 2879 459 2963 cyil
473 2883 585 2957 loic'
564 2913 653 2969 ειμι,
638 2915 653 2948 ν
644 2883 830 2968 ςβασίλισσα
851 2877 940 2963 τοίσης
960 2879 1062 2968 χιιίρας,
1076 2915 1090 2964 η
1081 2881 1353 2951 nordkulle'irrarlrrd
1364 2890 1428 2971 Ερ-

214 3006 279 3062 μου,
300 2976 346 3041 καί
366 2972 419 3042 ἴσα
440 2973 494 3057 e'yrl
516 2983 712 3062 ἐνομοθέτησα,
734 2978 819 3054 oodric
841 2982 917 3043 orire
905 2973 1051 3041 δίίναται
1070 2983 1196 3044 λῦσαι.’
1184 3006 1239 3059 εγω
1261 2982 1317 3063 εἰμι
1342 2983 1429 3061 virori

215 3070 351 3137 νεωτιίτου
365 3066 465 3158 Κρίνου
487 3079 555 3138 θεοῦ
575 3072 701 3158 ίννγιίτηρ
723 3071 911 3159 σρεσβυτιίτη,
933 3068 991 3151 iqui
1010 3074 1065 3156 εἶμι
1084 3067 1151 3153 γυνὴ
1166 3070 1212 3137 καί
1226 3067 1431 3158 ιἰδελῲοῖὊσί·

214 3169 283 3252 pedor
304 3171 452 3251 βασιλέως,
473 3160 530 3246 lyei
549 3169 605 3251 εἶμι
625 3171 639 3247 ἡ
662 3163 753 3253 πρυίτη
774 3164 874 3253 καρσίν
888 3160 1036 3252 ιῖνθριιίσοις
1051 3168 1179 3250 εὑροῦσα,
1200 3160 1258 3245 tyni
1270 3168 1326 3249 εἰμι
1339 3162 1429 3253 μιίτιρρ

208 3256 296 3345 ’Ὥρου
318 3270 370 3326 τοῦ
389 3265 541 3345 βασιλέως,
569 3258 624 3341 ἔνιοί
646 3265 734 3347 cipri
762 3268 787 3326 ἐν
811 3271 852 3346 τῷ
877 3258 971 3347 ι’ίστριιρ
997 3269 1038 3345 τῷ
1062 3257 1119 3325 κυνί
1144 3264 1343 3341 ἐπιτέλλουσα,
1368 3258 1430 3345 ἐμοὶ

214 3350 379 3440 Βοιίβαστος
399 3358 413 3435 ἡ
436 3358 510 3429 nolus
530 3355 703 3441 ᾠκοδομήθη.
724 3360 812 3441 χαῖρε,
833 3360 911 3440 χαῖρε
931 3357 1071 3434 Αἴγυπτε,
1093 3358 1107 3435 ἦ
1128 3347 1267 3440 θρέψασιί
1282 3382 1329 3439 με.
1365 3352 1430 3420 Ἐπί

216 3453 245 3514 ἑὲ
264 3458 315 3514 τοῦ
331 3448 468 3535 Ὀσίριδος
488 3456 559 3514 κτλ’.
574 3488 610 3499 -
627 3454 765 3516 Ceterum
785 3456 895 3514 Isidem
915 3455 1010 3513 Andri
1029 3454 1136 3513 cultam
1155 3456 1260 3532 probat
1279 3464 1309 3514 et
1327 3455 1431 3515 titulus

217 3548 250 3610 C.
271 3551 294 3608 1.
318 3548 392 3608 2348
413 3560 441 3608 et
460 3569 566 3609 nomen
581 3544 718 3628 Ἰσίδωρος
738 3550 769 3608 in
789 3549 835 3608 tit.
856 3547 1002 3609 Andr.'C.
1023 3551 1046 3608 Ι.
1060 3550 1139 3609 Add.
1161 3548 1190 3609 ll
1211 3547 1287 3609 2349
1300 3550 1328 3609 d.

292 3679 403 3757 Hymni
423 3679 514 3754 ipsius
534 3679 748 3737 adnotationem
768 3686 991 3737 eonsentaneum
1011 3684 1056 3737 est
1075 3677 1202 3755 pendere
1221 3677 1282 3737 fere
1295 3696 1314 3736 a
1327 3678 1432 3758 Saupii

216 3776 336 3852 Bergkii
356 3772 505 3830 Welckeri
530 3773 572 3847 (ll.
593 3791 615 3832 a.
636 3774 700 3849 aa),
725 3773 848 3848 denique
867 3771 1025 3831 Hermanni
1048 3773 1146 3846 (Dior.
1172 3776 1258 3849 antiq.
1285 3772 1333 3833 litt.
1358 3774 1432 3833 1843

217 3890 244 3945 p.
260 3870 315 3926 327
327 3870 405 3943 sqq.)
426 3866 681 3943 disputationibus,
702 3885 826 3940 quorum
847 3884 966 3942 operam
987 3867 1036 3941 qui
1054 3867 1268 3926 continuaverit
1280 3868 1433 3927 auxeritve

218 3964 285 4020 novi
307 3962 457 4021 neminem.
488 3962 588 4019 Rossii
609 3961 693 4018 lectio
714 3960 804 4019 sicubi
824 3980 843 4018 a
856 3959 1013 4019 Welckero
1026 3971 1155 4020 correcta
1175 3970 1228 4035 est,
1249 3962 1324 4022 falsa
1343 3964 1434 4023 tacita

217 4062 375 4114 correctam
394 4056 504 4132 recepi3
527 4073 639 4113 errores
660 4056 850 4130 interpretum
869 4056 926 4114 nisi
947 4055 998 4115 ubi
1018 4074 1065 4115 res
1079 4056 1164 4115 aliter
1178 4057 1288 4115 ferebat
1304 4068 1433 4135 praeter·

219 4151 292 4207 misi.
312 4184 349 4192 -
373 4152 386 4206 l
408 4166 446 4206 va
466 4149 551 4221 Ross,
572 4166 620 4207 rur
642 4149 791 4223 Weleker‚
812 4155 857 4208 τιῖι
879 4149 984 4227 Bergk.
1007 4185 1041 4194 -
1063 4150 1080 4208 2
1102 4142 1189 4224 ιίγυιιί
1208 4153 1241 4211 de
1268 4152 1336 4210 arbe
1363 4154 1435 4213 aas

218 4245 305 4301 Pinrl.
325 4244 363 4301 N.
391 4244 449 4303 Vll
469 4244 577 4303 9201.
597 4244 650 4302 IX
660 4244 709 4317 dt,
731 4243 856 4322 Sauppe.
873 4279 906 4288 -
922 4247 939 4305 3
954 4245 989 4305 cf.
1004 4245 1091 4304 Diod.
1111 4244 1189 4305 loeus
1209 4264 1300 4323 supra
1322 4247 1434 4307 exseri·

219 4347 295 4419 ptus.
317 4371 354 4381 —
376 4339 393 4397 5
417 4338 538 4414 Hesycl.
564 4331 675 4418 θρεσκιί·
702 4332 779 4415 ἁγνή.
808 4340 857 4402 Sa.
877 4374 915 4385 -
941 4340 1018 4419 deq.
1044 4340 1084 4401 sie
1107 4339 1244 4401 distinxit
1266 4340 1376 4421 Bmgk.
1395 4376 1434 4389 -
