3292 5152
578 413 596 463 I.
624 411 730 464 tsrmtni
748 409 865 463 aedificia
883 413 970 465 tontes
990 416 1093 480 pontes.
1381 414 1443 479 469

227 583 378 639 inservisse
399 581 588 659 probabiliter
609 580 718 638 statuit.
733 579 815 637 -27
832 573 970 655 σεληναίης
997 573 1098 648 κιίκλος
1127 579 1248 660 [αἴγλης]
1274 581 1447 657 Salmasius,

226 676 315 748 aalide
337 675 481 746 visconti,
512 675 647 748 idemque
668 694 693 730 v.
706 672 743 731 28
765 661 824 732 τιίτ’
846 675 966 744 invenit;
995 676 1121 734 traditur
1141 693 1178 735 nc
1193 719 1224 734 ..
1246 708 1281 720 -
1305 675 1341 734 29
1362 677 1447 735 lectio

228 773 349 839 ineerta
372 780 499 826 extrema
519 770 561 826 sio
582 770 641 824 l'ere
655 787 753 825 omnes
768 768 898 845 legerunt
913 785 1171 830 ΗΓεΝεεεεῐΓεεΑΑ.
1204 770 1238 828 In
1253 771 1447 848 prioreparte

226 885 327 921 versus
349 871 416 939 post
436 882 540 920 nouam
563 863 621 918 fere
643 863 767 920 litteram
789 862 951 923 Salmasius
973 884 1009 921 ex
1031 863 1178 923 Sirmondi
1199 863 1369 941 apographo
1395 865 1446 923 ha·

226 960 286 1014 buit
299 976 349 1030 ar,
364 958 442 1033 quod
458 957 483 1014 si
498 957 683 1030 conposueris
698 976 763 1014 eum
778 958 939 1015 litterarum
955 959 1087 1034 vestigiis
1107 975 1145 1017 rc
1159 978 1234 1036 quae
1248 959 1381 1018 Visconti
1395 960 1446 1017 ad-

224 1054 358 1127 gnouisse
371 1053 425 1109 eibi
437 1052 514 1108 alsus
526 1057 579 1120 est,
601 1070 658 1107 non
669 1052 756 1109 modo
767 1056 889 1126 speciosa
900 1052 949 1110 sed
962 1070 1054 1128 paene
1065 1054 1226 1111 neeessaria
1236 1054 1336 1111 evadit
1348 1072 1444 1111 emen-

225 1147 303 1203 datio
316 1139 457 1212 Adrrvlor;
469 1145 514 1201 vel
525 1138 673 1216 Αὐσονίαν,
687 1145 767 1202 velut
780 1144 939 1204 Salmasius
955 1136 1099 1224 σύμβολον
1112 1140 1280 1206 Αδσονίοισιν
1292 1145 1445 1219 ἒινγενέεσσι

224 1227 336 1317 γεραιίν,
359 1239 492 1297 Visoonti
513 1231 600 1296 ύιοίσιν
614 1232 753 1296 Αὐσονίων
774 1237 943 1313 εὐηγενέεσσι
962 1242 1061 1316 γεριῒα,
1083 1240 1186 1299 Iacobs
1201 1254 1252 1299 aut
1267 1239 1445 1300 salmasium
1478 1316 1482 1325 ἱ

225 1334 307 1409 sequi
330 1334 430 1404 voluit,
453 1335 507 1390 nisi
530 1334 604 1408 quod
628 1334 653 1398 γ’
675 1323 777 1411 ε’ραννίν
798 1333 924 1409 scripsit,
945 1340 996 1390 aut
1016 1324 1044 1401 δς
1059 1330 1091 1392 δέ
1109 1357 1154 1393 κεν
1169 1327 1309 1402 Αὐσονίοις
1324 1320 1567 1419 εὐηγενέ·234,ρο,
1576 1342 1645 1407 53,

225 1450 284 1485 εσσι
303 1421 437 1506 γεραστίς
463 1428 646 1486 scribendum
673 1427 793 1503 putarit.
834 1427 929 1484 Franz
955 1427 1078 1504 denique
1103 1430 1181 1505 quod
1206 1430 1308 1506 posui;
1337 1428 1444 1508 γέρατα
1523 1416 1532 1452 l

226 1523 322 1580 nescio
343 1542 378 1579 an
402 1542 500 1579 verum
520 1522 565 1593 sit,
587 1522 622 1578 cf.
645 1520 736 1597 Orph.
759 1521 791 1579 fr.
810 1520 852 1578 VI
868 1521 903 1578 24
925 1509 974 1579 δίο
994 1513 1112 1602 χριίσεια
1131 1522 1246 1601 κέρατα.
1258 1557 1294 1567 -
1308 1525 1345 1581 30
1355 1543 1443 1600 quae·

224 1618 308 1674 eitius
328 1618 399 1673 haee
420 1617 513 1687 dieta,
539 1635 626 1689 aeque
648 1635 721 1686 eum,
745 1633 842 1688 spero,
870 1623 950 1672 tusca
971 1616 1157 1676 calceamenta
1179 1620 1230 1694 (ej.
1253 1617 1332 1679 Serv.
1360 1619 1442 1696 Verp·

224 1713 292 1768 Aen.
309 1712 383 1768 VIII
403 1712 478 1783 458)
502 1719 640 1782 respuent,
662 1710 739 1783 quod
757 1728 812 1766 non
832 1713 868 1766 ait
888 1709 1042 1768 Romanus.
1055 1745 1092 1755 —
1105 1712 1138 1769 31
1153 1728 1245 1771 resec
1257 1713 1341 1772 -32
1353 1714 1442 1772 Paos.

223 1806 235 1861 l
258 1806 333 1876 38‚3
355 1803 449 1883 Κῆρυξ
470 1795 497 1861 δν
518 1795 597 1861 αὐτοὶ
616 1794 739 1881 Κήρυκες
767 1792 906 1879 θυγατρδς
926 1802 1063 1882 Κέκροπος
1079 1793 1243 1884 Ἀγλαιίρου
1272 1798 1318 1865 καλ
1335 1804 1443 1888 Ἑρμοῦ

224 1895 308 1955 παῖδα
331 1895 393 1955 εἶναι
414 1898 547 1971 λέγουσιν,
569 1895 631 1955 ἀλλ’
654 1894 703 1953 οὐκ
723 1885 885 1974 Εὔμολπον.
918 1897 979 1953 Alii
998 1897 1185 1958 Pandrosum
1207 1908 1330 1959 matrem
1350 1904 1441 1962 tradi·

224 1994 337 2060 derunt,
360 1991 432 2049 Poll.
456 1992 527 2048 VIII
553 1993 613 2047 103.
635 2024 672 2032 —
694 1990 729 2046 33
753 2007 848 2047 xurrx
868 2023 906 2033 -
927 1992 964 2047 34
985 1991 1055 2050 haec
1074 1993 1098 2050 si
1119 1994 1154 2050 de
1168 1993 1287 2054 Herode
1308 1997 1373 2072 ipso
1392 2016 1441 2055 ac·

222 2087 355 2161 ciplenda
376 2094 459 2158 sunt,
489 2106 544 2142 non
566 2086 602 2143 de
624 2084 684 2142 filio
706 2085 813 2156 Attico,
835 2085 928 2144 lenius
949 2107 975 2146 ν.
991 2087 1028 2144 35
1049 2096 1114 2162 post
1135 2083 1207 2165 ἕδραι
1227 2087 1391 2167 distingues
1411 2098 1441 2149 et

223 2182 264 2237 eie
285 2180 521 2254 interpretaberis
539 2189 688 2254 propterea
712 2181 750 2251 (et
771 2180 892 2253 Romae)
914 2182 1064 2237 honoratur
1079 2183 1138 2253 suit
1165 2200 1349 2258 eponyraoque
1374 2204 1438 2242 coa·

222 2274 289 2329 salis
311 2293 419 2330 ικιιοετε
432 2275 616 2348 frangebatur,
640 2292 697 2346 qao
718 2292 747 2329 re
769 2277 796 2329 r'a
813 2277 909 2347 prima
929 2276 1031 2331 domiai
1050 2285 1160 2332 renarra
1183 2274 1279 2349 (Mart.
1297 2275 1381 2348 XVI,
1406 2278 1435 2353 I)

221 2368 351 2424 arrdsellta
372 2378 477 2424 evectae
499 2379 545 2439 ese,
565 2387 651 2443 neque
672 2369 752 2442 apud
773 2366 897 2425 Graecos
918 2373 1063 2444 quaquam
1083 2378 1135 2425 aut
1150 2387 1249 2443 ρατιονε
1268 2381 1317 2427 aar
1330 2373 1437 2446 facun-

220 2464 267 2518 dia
288 2464 408 2537 repellor
428 2472 495 2520 erat.
536 2461 669 2519 Herodes
689 2461 790 2519 consul
811 2464 922 2534 21433
940 2456 1078 2539 Ἑλλήνων
1097 2463 1228 2535 γλῶτταν
1248 2455 1294 2521 καί
1315 2463 1437 2541 βασιλέα

221 2549 308 2628 λίγιον
329 2558 424 2615 Rufus
444 2556 603 2631 discipulus
624 2576 689 2614 eum
710 2556 937 2632 praedicaverat
954 2590 991 2600 —
1013 2557 1049 2616 36
1064 2545 1130 2615 οὔτε
1149 2579 1175 2616 τι
1195 2544 1284 2637 por-lv
1304 2567 1336 2614 ut
1355 2578 1383 2617 v.
1397 2560 1436 2617 44

221 2641 282 2708 οιίτε
303 2676 329 2708 τι
351 2640 467 2729 τιίμβον.
490 2683 527 2692 -
549 2650 585 2707 38
606 2650 643 2706 ad
663 2650 808 2726 Regillum
829 2651 904 2707 redit
923 2652 1031 2723 oratio,
1056 2651 1091 2710 of.
1113 2651 1147 2709 Il.
1169 2650 1197 2708 V
1218 2650 1274 2709 229
1295 2639 1435 2730 Διίρδανος

220 2737 260 2801 ατί
277 2745 369 2802 τέκεθ’
394 2739 449 2802 olda
466 2731 629 2821 Ἐριχθίνιον
654 2744 794 2821 βασιλῆα,
819 2744 876 2803 230
903 2747 985 2824 Τροῖα
1012 2742 1036 2803 δ’
1053 2731 1217 2824 Ἐριχθίνιος
1242 2744 1337 2804 τέκετο
1357 2731 1434 2826 Τροί-

220 2860 291 2895 εσσιν
312 2831 428 2896 ι’ίνακτα·
450 2827 540 2916 Τρωδς
561 2835 586 2895 δ’
608 2830 647 2895 αὖ
665 2837 734 2915 τρεῖς
756 2834 849 2905 παῖδες
870 2830 1012 2916 ιἰμιίμονες
1032 2837 1181 2912 ἐξεγένοντο
1194 2827 1268 2909 'itte
1287 2828 1434 2899 τ”Ασσοί-

218 2919 297 3007 ρακίς
318 2954 348 2988 τε
369 2924 415 2988 καί
436 2927 555 2999 ἀντίθεος
576 2924 748 3010 Γανυμηδης,
770 2932 826 2990 239
844 2924 1023 3010 Ἀσσοίρακος
1044 2927 1073 2989 δέ
1092 2921 1191 2991 Κοίντιον
1216 2929 1345 3011 (ἔτεκεν),
1370 2931 1383 2992 ὃ
1410 2931 1435 2993 δ’

218 3014 259 3102 ἄρ’
278 3019 414 3103 Ἀγχίσην
428 3025 490 3084 τέκε
517 3022 615 3098 παῖδα,
641 3016 731 3104 αιίτιὶρ
759 3022 803 3103 ἔμ’
824 3020 961 3104 Ἀγχίσης
983 3032 1052 3085 sunt
1075 3026 1175 3084 omnia
1194 3028 1312 3087 Aeneae
1337 3030 1433 3090 verba.

218 3120 325 3192 Quidni
347 3120 434 3177 allius
456 3121 545 3177 etiam
565 3121 665 3177 uxoris
693 3120 833 3195 originem
858 3120 1008 3196 repetierit
1027 3118 1157 3177 Herodes
1182 3123 1283 3181 eodem
1304 3122 1433 3182 Homero

216 3215 289 3271 duae
315 3214 393 3290 (ibid.
415 3214 486 3289 215)
508 3203 646 3292 Δοίρδανον
667 3206 707 3272 αὖ
726 3217 829 3292 πρῶτον
849 3212 943 3271 τέκετο
964 3213 1162 3290 νεφεληγερέτα
1183 3203 1261 3288 Ζειίς,
1282 3216 1361 3273 haud
1381 3217 1431 3275 ob-

217 3326 329 3364 scurum
351 3319 408 3379 est3
440 3308 533 3365 noluit
553 3310 628 3366 enim
649 3329 713 3367 cum
733 3310 799 3384 ipso
820 3309 985 3384 inperatore
1005 3307 1183 3380 oontendere,
1209 3309 1258 3384 qui
1280 3300 1324 3366 Ad
1351 3302 1432 3388 πατρὶ

217 3392 286 3477 φολν
307 3393 352 3458 καί
374 3406 454 3478 μῆτιν
480 3397 566 3460 ἔοικεν.
587 3436 624 3445 -
646 3406 683 3459 40
705 3399 712 3459 ἰ
732 3421 785 3477 pro
813 3397 834 3459 εἶ
861 3399 999 3475 scriptum
1024 3401 1144 3470 retinui,
1178 3420 1356 3478 quamquam
1381 3404 1430 3461 vix

216 3496 330 3553 dubium
352 3505 394 3553 oet
421 3498 491 3572 quin
519 3497 662 3571 lapidario
682 3497 821 3554 debeatur
846 3505 875 3552 et
899 3494 954 3552 hoc
980 3501 1010 3552 et
1031 3489 1136 3554 σίσασα
1157 3517 1184 3554 v.
1199 3498 1244 3555 75.
1266 3529 1301 3541 —
1324 3498 1430 3574 Aptius

217 3590 367 3646 videbatur
387 3588 408 3648 εἶ
429 3584 506 3668 φίλον
529 3580 582 3666 ἱεροὶ
603 3587 680 3666 ῥέξαι
700 3591 887 3667 oorriungere3
908 3589 1152 3666 interpunxerunt
1171 3596 1239 3666 post
1259 3586 1280 3647 εἶ
1294 3583 1429 3667 φίλον.-

215 3682 251 3738 42
264 3700 375 3741 emero!
397 3687 522 3756 correxi3
545 3685 647 3759 reliqui
669 3702 744 3759 quae
764 3687 949 3744 coniecerunt
968 3686 1085 3762 probari
1105 3690 1256 3761 nequeunt.
1270 3717 1304 3727 -
1317 3685 1353 3741 43
1365 3702 1430 3741 cae·

215 3798 282 3833 sura
303 3775 376 3834 κατιῖ
398 3781 525 3856 τέταρτον
546 3778 671 3856 τροχαῖον
697 3791 724 3836 et
749 3779 795 3837 hic
820 3792 848 3838 et
870 3801 895 3837 ν.
911 3780 948 3836 45
974 3781 1011 3838 ab
1037 3780 1187 3855 anaphora
1211 3778 1429 3837 excusationem

216 3871 309 3927 habet.
322 3906 357 3913 -—
370 3874 406 3930 46
419 3891 481 3928 ιιιεΝ
504 3873 587 3948 lapis
610 3870 641 3930 δέ
659 3873 757 3932 Herm.
777 3876 862 3948 Orplr.
884 3895 911 3949 p.
928 3875 983 3932 738
990 3897 998 3945 ;
1019 3874 1127 3932 erravit
1146 3873 1274 3948 lapicida
1292 3871 1429 3946 proximo

214 3984 296 4021 versu
320 3967 458 4039 inductus,
482 3971 568 4045 σῶμα
590 3968 726 4024 nimirum
749 3974 777 4024 et
797 3959 893 4046 ψυχήν
913 3969 988 4025 inter
1007 3988 1038 4027 se
1059 3967 1165 4044 opponi
1186 3976 1277 4026 ratus.
1292 3999 1330 4008 -
1347 3967 1426 4043 σῆμα

213 4069 255 4113 est
271 4060 393 4132 Odeum,
415 4063 448 4121 ef.
467 4062 602 4119 Philostr.
624 4066 668 4119 eit.
692 4061 796 4118 Herod.
812 4081 840 4138 p.
856 4063 909 4119 551
933 4057 1049 4135 ιίνέδηκε
1069 4057 1097 4117 οὲ
1118 4051 1163 4118 καί
1184 4050 1214 4118 τδ
1235 4052 1277 4117 ἒαλ
1293 4050 1425 4134 Ῥηγίλλη

214 4154 327 4229 ίΙεατρον
353 4154 416 4212 coll.
446 4154 529 4213 Paos.
558 4156 613 4212 VII
640 4156 724 4227 atto
747 4187 780 4196 -
808 4157 846 4214 49
871 4155 934 4231 agri
959 4168 1026 4213 sunt
1051 4176 1086 4213 ex
1111 4153 1242 4230 Regillae
1265 4133 1426 4212 hereditate

212 4248 349 4321 adquisiti
370 4249 434 4306 coll.
458 4251 489 4306 C.
514 4251 533 4309 I.
555 4252 631 4308 6184
649 4245 741 4306 Ἀννία
759 4235 895 4321 Ῥίγιλλα
917 4293 923 4308 .
945 4292 952 4306 .
972 4293 980 4308 .
1003 4245 1069 4317 τίνος
1089 4251 1184 4306 ταῦτα
1208 4236 1246 4305 τοὶ
1269 4239 1358 4327 χωρία
1376 4247 1423 4321 γέ-

212 4362 297 4412 γοναν.
310 4375 346 4383 -
359 4342 396 4398 50
408 4333 555 4414 ἐλαιηεντες
576 4333 686 4422 ι’ίρουραι
708 4363 733 4403 ν.
748 4343 785 4401 de
804 4343 858 4401 hac
876 4361 1014 4420 generum
1034 4342 1065 4402 in
1085 4340 1236 4402 adieodvis
1256 4339 1424 4402 oonsusIono
