3262 5152
242 404 304 469 252
658 405 854 475 Epigrammata
872 404 1035 472 sepulcralia.

330 567 479 651 ζιοοέιοας
501 568 615 646 ἔλιπες
637 570 699 656 γὰρ
723 564 876 657 ἀηδόνας,
900 560 940 646 lig
958 561 1132 643 ’Λιδιονεύς

246 677 286 739 10
418 665 580 737 οὐδέποθ’
604 666 738 758 αἱρήσει
759 673 801 758 τῇ
823 670 978 757 φθονερῇ
1001 665 1149 755 παλάμῃ.

264 874 294 940 b.
330 873 436 938 Βαιὸν
457 873 518 954 μέν
538 867 615 937 τόδε
639 876 740 959 σῆμα,
761 871 799 937 τὸ
823 871 859 937 δέ
883 871 980 947 κλέος
1001 864 1142 954 οὐρανὸν
1161 867 1240 946 ἵκει,

416 969 566 1059 Μάξιμε,
589 973 775 1057 Πειερίδιυν
797 971 868 1050 ἑξέο
893 972 1109 1053 λειπομένων·

327 1072 475 1155 νώνυμον
497 1068 575 1140 οὐδέ
598 1097 635 1140 σε
656 1077 761 1160 μοῖρα
785 1075 963 1139 κατέκτανε
983 1069 1202 1158 νηλεόθυμος,

417 1168 489 1238 ἀλλ’
513 1171 627 1240 ἔλιπεν
649 1171 759 1262 λήθης
782 1166 933 1258 ὅμμορον
955 1167 1101 1260 εὖεπίην.

246 1279 285 1340 15
330 1269 421 1352 οἵοις
444 1270 662 1359 &daupeinim
682 1276 757 1340 τεὸν
779 1274 872 1359 παρὰ
893 1272 1018 1355 τύμβον
1040 1267 1186 1355 ἀμείβων

417 1372 614 1461 ὀφθαλμοῖς
637 1376 770 1458 οχεδίου
792 1375 942 1460 δέρξεται
966 1372 1143 1460 εὐστιχέην·

328 1469 446 1564 ὅρκιον
469 1475 503 1554 ές
525 1471 657 1558 δόλιχον
678 1471 756 1541 τόδε
778 1499 831 1541 σοι
857 1475 963 1551 κλέος·
988 1467 1028 1538 οὗ
1050 1473 1113 1559 γὰρ
1138 1469 1293 1562 locutoria

309 1612 312 1619 ⁴
418 1579 547 1643 κείσεαι
569 1572 757 1654 οὗτιδανοῖς
780 1571 934 1659 ἰδόμενος
956 1573 1078 1640 νέκυσι·

331 1677 438 1744 πουλὺ
460 1678 496 1744 δέ
519 1677 576 1743 καὶ
597 1681 734 1763 χρυσοῖο
758 1676 815 1741 καὶ
837 1671 1015 1763 ἠλέκτροιο
1038 1679 1181 1762 φαεινοῦ

247 1784 290 1849 20
416 1775 554 1866 ἐ’(σ)σεο’
576 1773 629 1844 ἀεὶ
653 1776 801 1864 κρέσσων
823 1769 863 1865 ἣν
885 1773 998 1852 ἔλιπες
1021 1775 1148 1843 σελίδα.

323 1920 427 1977 Annus
453 1924 499 1976 ast
522 1936 550 1993 p.
566 1917 635 1976 um.
655 1936 683 1975 n.
706 1916 758 1989 94,
783 1915 847 1973 ooll.
873 1913 1025 1974 censorin.
1052 1917 1086 1973 de
1111 1916 1154 1972 dia
1178 1926 1234 1974 aut.
1260 1936 1284 1976 c.
1301 1918 1336 1975 18
1360 1934 1461 1974 κιιοειιι

245 2024 335 2070 tumen
355 2031 447 2070 σοαιιε
467 2029 586 2086 mugnus
602 2029 657 2086 per
674 2009 845 2085 Capitolinos
864 2027 972 2084 σροοσε
992 2019 1100 2086 coagnus
1120 2011 1329 2085 aetdillgmta'ao
1343 2014 1461 2082 εονοσοί,

245 2124 364 2182 qaorum
383 2124 502 2180 agonum
519 2109 627 2180 patmus
647 2124 666 2162 σ
679 2104 839 2160 Domitiano
859 2107 998 2161 λακτίσασα
1012 2106 1073 2178 suit
1092 2104 1253 2162 duodecimo
1273 2109 1332 2162 eiua
1358 2113 1384 2161 et
1399 2102 1460 2161 Ser.

248 2201 369 2258 Cornelii
389 2200 554 2258 Dolabellae
573 2199 715 2256 σοοιιιλσιιι
736 2199 775 2274 (a.
788 2198 854 2273 86);
880 2197 958 2273 quod
984 2203 1129 2254 certamen
1150 2215 1214 2254 cum
1235 2206 1309 2257 teste
1323 2197 1461 2258 Suetonio

245 2294 341 2369 (Dona.
355 2311 379 2351 c.
394 2293 426 2368 4)
447 2292 660 2369 quinquennale
680 2298 770 2365 esset,
796 2291 913 2349 tertium
932 2291 1055 2348 lustnrm
1084 2291 1124 2366 (v.
1139 2291 1183 2349 tit
1205 2290 1270 2367 lat.)
1291 2312 1316 2350 a
1331 2292 1369 2350 94
1389 2309 1460 2351 con-

245 2387 339 2446 ditum
363 2395 415 2445 est
455 2386 489 2444 In
515 2384 570 2445 hoc
594 2386 753 2443 certamine
780 2386 855 2443 inter
880 2384 1092 2462 quinquaginta
1116 2383 1189 2444 duos
1213 2390 1317 2462 poetas
1340 2403 1461 2462 graecos

247 2479 393 2558 Sulpicius
417 2479 591 2538 undenarius
617 2498 689 2557 puer
712 2497 779 2537 suos
800 2496 909 2549 versus,
930 2478 979 2553 qui
999 2496 1088 2554 supra
1107 2478 1209 2555 scripti
1222 2487 1297 2549 sunt,
1318 2481 1461 2554 recitavit3

246 2591 306 2632 non
329 2573 439 2649 primas
464 2593 529 2631 eum
554 2572 659 2632 tulisse
684 2572 842 2630 rectissime
863 2570 981 2629 Heuzen
1001 2571 1043 2647 (p.
1061 2572 1127 2648 104)
1153 2590 1189 2630 ex
1218 2573 1315 2632 verbis
1335 2593 1395 2634 αισι
1415 2577 1461 2636 lto·

246 2686 317 2725 nore
335 2669 458 2725 discesit
477 2666 631 2738 conclusit3
661 2667 750 2725 immo
776 2667 809 2724 ob
829 2676 949 2723 teneram
974 2675 1089 2722 αιιαιιιο
1115 2665 1242 2724 iudicum
1261 2666 1391 2728 favorem
1412 2691 1462 2728 ex·

246 2760 399 2833 citaverat,
430 2761 534 2836 patris,
555 2760 682 2819 hominis
706 2761 818 2833 liberti,
848 2759 1067 2818 admirationem
1092 2760 1170 2834 quod
1192 2760 1329 2820 excitavit
1347 2763 1462 2840 ingenio

247 2870 316 2926 suo,
342 2852 414 2910 nihil
436 2854 553 2911 mirum:
586 2873 640 2913 nos
660 2854 732 2912 scire
752 2853 834 2912 iuvat
853 2870 912 2911 non
933 2869 1033 2910 omnes
1055 2861 1124 2911 tunc
1142 2871 1263 2931 graecae
1284 2855 1382 2914 Musas
1402 2866 1462 2915 tam

246 2946 351 3004 misere
371 2947 550 3006 balbutiisse.
566 2982 604 2992 -
617 2948 728 3007 Versus
748 2968 785 3006 ex
804 2956 934 3022 tempore
953 2945 1024 3005 dicti
1052 2940 1164 3025 (καίριον
1183 2947 1202 3005 i.
1222 2967 1248 3007 a.
1266 2937 1297 3006 ri
1319 2947 1349 3007 ἐκ
1369 2956 1465 3026 καιροῦ·

248 3029 407 3118 λεγόμενον)
433 3040 550 3099 intimae
575 3051 659 3100 notae
685 3047 753 3100 sunt
779 3042 856 3117 quod
883 3041 979 3099 neseio
999 3060 1036 3098 an
1057 3060 1142 3099 nemo
1162 3041 1267 3101 melius
1286 3045 1465 3119 persenserit

246 3151 335 3209 quam
357 3134 406 3208 qui
426 3135 648 3212 interpungendi
669 3154 774 3194 munus
795 3136 962 3211 susceperit.
990 3134 1070 3192 Idem
1085 3143 1286 3212 argumentum
1301 3136 1378 3195 haud
1391 3157 1463 3198 sane

246 3245 336 3285 suave
369 3226 529 3286 Luoianum
566 3231 736 3288 tractavisse
771 3230 859 3304 (deor.
895 3229 963 3287 dial.
996 3227 1097 3304 XXV)
1134 3229 1288 3287 adnotavit
1321 3229 1463 3306 Viscouti,

246 3321 442 3396 tractavitque
473 3332 503 3379 ut
534 3343 587 3398 par
616 3331 661 3381 est
690 3323 792 3399 paullo
822 3322 935 3379 melius.
987 3321 1140 3395 Quaedam
1170 3320 1267 3380 taimen
1302 3342 1348 3383 rea
1385 3327 1463 3402 apud

246 3423 400 3490 utrumque
419 3416 462 3473 ita
482 3417 651 3490 concinunt,
678 3429 709 3474 ut
735 3436 800 3476 oum
820 3415 980 3472 Luciauum
1001 3432 1020 3471 a
1040 3431 1131 3489 puero
1152 3416 1287 3474 didicisse
1306 3417 1463 3477 ridiculum

247 3508 286 3566 sit
305 3509 422 3578 creditu,
443 3509 561 3584 vulgare
582 3511 635 3569 hoc
655 3520 684 3568 et
703 3511 732 3567 in
752 3511 899 3568 rhetorum
926 3507 1032 3565 scholis
1056 3508 1237 3567 decantatum
1262 3522 1464 3588 argumentum

246 3600 336 3659 fuisse
360 3612 473 3678 pateat3
494 3603 529 3662 cs.
552 3603 652 3663 Luat
678 3596 808 3682 μειρακίῳ
829 3593 932 3680 ιίνοῆτορ
953 3593 1103 3669 πιστεύσας
1123 3593 1154 3660 ri
1176 3593 1254 3681 ἅρμα
1274 3603 1339 3664 ooll.
1355 3603 1462 3682 Sulpia

246 3713 271 3754 u.
288 3696 305 3752 3
320 3713 373 3771 sq„
394 3694 462 3755 Luc
485 3697 551 3755 iord.
577 3689 623 3754 καλ
649 3686 718 3764 ἕλοις
747 3692 836 3766 οὐδέν,
861 3683 902 3753 ln
927 3693 956 3753 οὐ
984 3685 1150 3774 ξυνετέριιξε
1170 3688 1217 3753 καλ
1237 3696 1355 3776 ξυνέχεε·
1376 3690 1423 3756 καλ
1443 3696 1465 3757 εἰ

247 3776 286 3864 μὴ
307 3777 378 3861 byei,
404 3781 488 3863 ξυνεὶς
508 3779 538 3847 ri
558 3779 723 3868 γιγνέμενον,
750 3789 905 3867 κατέβαλον
930 3777 1013 3847 oriris
1039 3792 1078 3868 τῷ
1105 3792 1228 3868 κεραυνῷ
1253 3787 1315 3850 alil
1336 3786 1464 3868 λείψανον

246 3875 396 3960 leopatus
422 3882 555 3959 ἐπέμεινεν
580 3874 612 3941 ι’ίν
638 3884 703 3942 coll.
731 3883 811 3959 Sulp.
840 3903 865 3942 v.
884 3885 916 3940 ll
945 3884 1038 3954 et183
1070 3883 1192 3959 denique
1213 3882 1315 3943 Lua3
1336 3885 1363 3955 ἐς
1383 3878 1462 3946 diri

244 3963 341 4048 λοιοέν,
366 3967 395 4050 ἥν
429 3999 454 4033 τι
479 3965 568 4054 ὅμοιον
593 3965 958 4054 παρονομῆσης...αὐτι’κα
983 3973 1039 4050 εἴση
1065 3964 1160 4034 ὃαέσον
1186 3979 1237 4035 τοῦ
1265 3981 1316 4037 σοῦ
1341 3971 1422 4058 mpla
1452 3979 1463 4039 i

247 4058 373 4146 κερουνὲς
399 4065 600 4148 πυρωδέστερος
627 4069 693 4127 coli
721 4052 801 4146 Suip.
825 4087 851 4128 v.
866 4073 904 4128 40
924 4088 988 4148 sqq.
1014 4050 1162 4144 Ovidium,
1183 4090 1269 4147 quem
1290 4091 1345 4131 nae
1365 4072 1465 4153 Sulpi-

246 4160 307 4218 cius
326 4162 469 4239 neglexit,
497 4164 612 4241 saepius
638 4165 768 4240 sequitur
788 4163 943 4225 Lucienus.
965 4197 1002 4207 —
1023 4162 1146 4223 Numeri
1166 4164 1321 4225 admodum
1341 4167 1462 4242 celeree;

246 4253 353 4313 nullius
382 4275 482 4315 versus
511 4258 578 4335 plus
603 4258 660 4315 duo
686 4258 805 4336 spondei
833 4265 917 4332 suut,
947 4258 997 4334 qui
1023 4263 1069 4317 ter
1093 4259 1123 4317 in
1150 4259 1274 4318 secundo
1302 4271 1466 4340 quartoque

247 4348 288 4422 (v.
303 4347 331 4406 2.
352 4347 378 4408 5.
406 4350 466 4425 ll),
486 4351 532 4410 bis
552 4352 581 4410 in
602 4350 727 4411 secundo
747 4352 900 4428 tertioque,
921 4352 1009 4411 semel
1029 4352 1170 4430 inprime
1183 4363 1354 4431 quartoque,
1375 4369 1466 4427 semel

247 4440 372 4519 denique
396 4443 425 4501 in
447 4443 542 4519 primo
561 4447 747 4525 secundoque
766 4446 839 4523 peda
858 4446 1057 4521 inveniuntur3
1078 4446 1212 4526 spondeis
1230 4457 1330 4509 carent
1348 4450 1467 4513 omnino
