3292 5152
214 397 277 464 336
630 395 831 467 Epigrammata
847 396 1014 450 dedicatoria.

320 556 444 627 αὐτόθι
467 559 529 648 γὰρ
552 561 742 643 κλειδοῦχος
764 557 829 647 ἔφυ
851 559 1057 647 Βασιληίδος
1070 557 1188 647 Ἥρης,

407 661 441 727 ἐν
462 661 578 748 Λέρνῃ
601 663 629 726 d’
653 657 766 743 ἔλαχεν
787 657 1018 745 μυστιπόλους
1041 662 1169 737 δαίδας.

246 870 276 933 b.
320 865 494 952 Δρδοῦχος
514 886 556 944 με
578 858 704 951 Κόρης,
728 864 888 949 Bacticis,
912 860 1007 941 Διός,
1032 860 1106 951 ἱερὰ
1129 867 1241 952 σηκῶν

236 969 276 1033 10
395 960 504 1047 Ἥρας
526 963 671 1048 κλεῖθρα
695 963 807 1052 φέρων
827 963 942 1046 βωμὸν
965 961 1069 1052 ἔθηκε
1087 959 1170 1052 Ῥέῃ,

314 1059 492 1153 Ἀρχέλαος
512 1064 649 1150 τελετῆς
671 1064 872 1152 συνθήματα
895 1065 1025 1151 κρυπτὰ
1046 1061 1193 1150 χαράξας

404 1160 615 1250 ταοροβόλου
637 1168 771 1250 πρῶτον
793 1168 893 1252 δεῦρο
915 1165 1136 1253 τελειομένης.

289 1321 314 1362 11
334 1303 379 1361 rel
399 1319 435 1360 111
455 1300 570 1360 saeculi.
599 1301 778 1361 Taurobolia
798 1305 915 1379 quando
935 1304 1062 1380 primum
1082 1303 1120 1360 ab
1140 1302 1368 1362 Atheniensibus
1382 1320 1428 1359 re-

213 1406 299 1476 cepta
319 1397 379 1455 sint
399 1397 439 1474 (v.
457 1395 506 1471 12)
527 1395 677 1454 nescimus.
700 1428 734 1439 ·-
757 1397 920 1456 Archelaus
944 1397 1131 1457 Atheniensis
1152 1397 1192 1472 (v.
1207 1397 1248 1472 5),
1276 1396 1365 1473 Argis
1386 1395 1428 1453 vi·

214 1498 274 1550 tam
295 1492 401 1568 degens
416 1491 456 1564 (v.
472 1490 569 1565 tuq),
590 1488 710 1547 lunonis
724 1490 891 1565 cleduchus,
912 1491 1108 1567 Proserpinae
1122 1490 1271 1550 Lernaeae
1281 1489 1428 1548 daduchns

214 1585 340 1660 itemque
359 1584 511 1659 utriusque
531 1582 602 1641 deae
623 1583 669 1657 (cf.
692 1584 779 1643 Pons.
804 1581 874 1642 VIII
895 1585 970 1658 3l‚2
995 1587 1048 1642 roi
1072 1588 1138 1644 νιιιῦ
1163 1580 1192 1643 δὲ
1215 1588 1269 1644 τῶν
1295 1574 1428 1664 passibus

214 1678 286 1737 θεῶν
299 1677 371 1736 ἐστιν
390 1677 416 1736 ἐν
436 1674 513 1759 ὃεξηῒ
531 1669 577 1736 καὶ
597 1668 697 1754 Kc‘pqs)
718 1685 748 1735 et
760 1677 838 1736 Iovis
853 1678 919 1736 Atti
940 1678 1097 1755 Rheaeque
1118 1698 1243 1756 quorum
1262 1679 1429 1756 nuperrime

215 1773 306 1832 sacris
326 1772 457 1831 initiatus
476 1779 523 1831 est
542 1789 623 1829 aram
644 1772 765 1830 dedicat.
786 1805 823 1814 —
848 1771 934 1830 liin
958 1791 1016 1830 uno
1041 1792 1110 1832 arae
1134 1773 1224 1832 latere
1250 1773 1328 1832 faces
1354 1771 1430 1830 duae

215 1865 390 1925 decussatim
408 1885 467 1924 una
486 1866 568 1924 alteri
589 1885 724 1937 conexae,
746 1867 878 1941 utrinque
899 1867 993 1942 pinus,
1014 1867 1043 1924 in
1064 1867 1212 1944 superiore
1226 1876 1308 1944 parte
1321 1868 1424 1925 buera-

216 1961 265 2018 nia
284 1961 341 2018 tria
360 1961 445 2019 sertis
465 1961 541 2019 inter
560 1978 592 2017 se
612 1960 779 2017 coniuncta:
801 1961 872 2018 haec
891 1971 962 2035 puto
984 1948 1153 2039 αινθῆμιιτα
1173 1951 1284 2039 κρυπτά
1302 1959 1369 2019 dici.
1389 1991 1428 2003 -

216 2053 392 2112 Archelaum
412 2053 523 2112 conicio
543 2061 595 2111 aut
615 2054 737 2111 eundem
757 2072 821 2112 esse
841 2061 894 2112 aut
913 2064 1026 2130 patrem
1046 2055 1174 2113 filiumve
1200 2057 1261 2114 eius
1281 2052 1431 2126 Archelai,

217 2148 267 2223 qui
288 2147 467 2206 antecedenti
483 2146 609 2204 carmine
630 2146 789 2204 honoratur
796 2169 804 2218 3
826 2157 926 2206 notum
946 2149 1023 2206 enim
1043 2157 1089 2208 est
1107 2150 1138 2207 in
1158 2150 1200 2208 eis
1213 2147 1359 2226 gentibus,
1378 2165 1431 2223 pe·

216 2259 267 2300 nes
287 2260 361 2318 quas
381 2241 541 2300 sacerdotia
559 2247 628 2299 sunt
647 2242 808 2316 antiquitus
829 2251 958 2317 recepta,
985 2243 1156 2319 saepissime
1181 2241 1268 2300 simul
1293 2259 1359 2299 cum
1379 2257 1427 2299 sa·

216 2353 331 2393 crorum
350 2335 514 2393 ministerio
533 2334 652 2392 nomina
671 2335 771 2393 eadem
797 2354 851 2411 per
870 2337 959 2414 longa
979 2349 1144 2414 temporum
1163 2335 1260 2415 spatia
1278 2340 1432 2409 tamquam

216 2446 269 2503 per
289 2447 391 2486 manus
411 2428 488 2486 uadi
508 2428 609 2486 solere.
650 2428 786 2488 Ceterum
807 2432 1016 2491 Archelaomm
1036 2450 1179 2508 proavum
1199 2431 1225 2489 si
1245 2427 1312 2504 quis
1331 2425 1431 2484 videa·

217 2529 264 2578 tur
294 2521 350 2580 sibi
374 2522 562 2599 deprendisse
586 2523 762 2581 Archelaum
794 2524 932 2583 Archelai
962 2524 1106 2585 notissimi
1131 2523 1319 2582 Mithradatis
1350 2524 1431 2583 dude

218 2615 324 2689 filium,
351 2634 436 2691 quem
456 2615 609 2693 Pompeius
631 2615 777 2677 Cumanae
796 2617 918 2678 Pontica
936 2620 966 2678 iu
986 2621 1058 2679 urbe
1077 2619 1255 2679 sacerdotem
1274 2617 1431 2677 constituit

220 2706 332 2784 (Strab.
354 2729 382 2786 p.
397 2711 477 2787 558),
497 2710 630 2787 equidem
650 2729 707 2768 non
728 2712 859 2771 obstabo.

219 2987 295 3050 82³.
335 2989 454 3051 Romae.
493 2989 526 3051 0.
548 2994 568 3052 h
591 2991 702 3053 60120.

621 3117 740 3206 Μητρὶ
761 3120 861 3183 θεῶν.

342 3211 396 3281 Ἐκ
418 3213 591 3283 δεκάπεντ’
616 3212 744 3302 ἀνδρῶν
771 3216 900 3300 Φοίβου
923 3217 1180 3305 στεφανηφόρος
1202 3214 1292 3304 ὶρεύς

345 3315 518 3405 Κρήοιιηνς
542 3312 689 3405 ἡγάθεός
710 3344 746 3384 τε
768 3317 943 3402 Λεόντιος,
966 3315 1106 3402 ἕνσοφοι
1128 3311 1254 3407 ἄνδρες,

438 3409 477 3496 lig
497 3419 557 3500 μὲν
579 3414 637 3484 ἀπ’
662 3414 828 3507 ἆντολίης,
851 3412 889 3497 ὃς
912 3421 939 3485 δ’
964 3413 1015 3505 ἄρ’
1039 3413 1097 3504 ἀφ’
1120 3414 1288 3507 ἑσπερίης,

344 3511 441 3605 ὄργια
464 3519 658 3605 συνρὲξαιτε
680 3523 760 3584 decio
784 3518 979 3607 nuprprJaopo
999 3515 1099 3606 ‘Peiqo

281 3627 300 3688 5
345 3618 525 3708 κριοβόλοιι
545 3621 680 3708 τελετῆς
702 3623 757 3686 καὶ
780 3615 1003 3706 ταυροβόλοιο
1026 3620 1186 3708 φερίστης

443 3713 545 3809 ἦμασι
565 3717 787 3803 μυστιπόλοις
807 3721 920 3803 βωμὸν
941 3716 1178 3809 ὑπερτίθεται.

294 3860 408 3919 Titulus
429 3879 462 3918 eo
482 3859 530 3936 qui
550 3860 679 3935 sequitur
699 3859 730 3935 (i.
752 3880 776 3919 e.
796 3879 873 3919 anno
894 3860 963 3935 370)
985 3860 1138 3936 antiquior.
1150 3861 1216 3918 -l
1238 3861 1372 3920 ridentur
1392 3878 1430 3921 ex

217 3956 381 4034 quindecim
416 3954 486 4011 viris
524 3954 620 4011 nescia
650 3973 709 4030 qua
739 3973 822 4012 sacra
851 3954 1011 4030 profanare
1040 3955 1241 4013 communione
1270 3955 1429 4014 coniunctis

218 4048 357 4109 Crescens
386 4059 414 4107 et
440 4048 580 4106 Leontius
611 4054 690 4106 sorte
713 4049 796 4107 electi
821 4065 884 4106 esse
915 4047 965 4122 qui
991 4046 1092 4106 Rheae
1119 4049 1208 4107 sacris
1233 4048 1428 4107 initiarentur.

218 4144 258 4202 Ili
278 4153 375 4204 autem
395 4144 468 4203 deae
487 4141 598 4219 gratias
618 4142 773 4201 reserentes
793 4163 847 4220 pro
866 4143 1078 4202 consecratione
1098 4161 1180 4201 aram
1199 4151 1365 4220 posuerunt
