3292 5152
220 375 281 439 352
635 376 835 447 Epigrammata
852 378 1020 433 dedicatoria.

220 541 297 605 856.
336 545 483 605 Atalante.
524 546 714 605 Wachsmuth
734 547 809 606 Meus.
830 549 884 611 aa
905 549 1025 609 XXVII
1046 550 1111 611 614.

339 664 455 760 Ἀρχία
477 669 550 750 υίὸς
572 667 621 738 ὅδ’
645 668 710 739 ἔστ’
729 668 950 761 Ἀλκαίνετος,
975 665 1013 752 δς
1036 673 1112 763 δορὶ
1135 674 1264 762 σώζ[ιον

443 773 607 859 πατρίδος
630 766 817 862 ᾇκρόπολιν
838 774 930 861 τέρμ’
952 773 1070 860 έλαβεν
1091 772 1219 858 βιότου.

298 912 413 973 Aetatis
433 911 642 972 macedonicae.

214 1054 340 1141 Mer.
365 1066 422 1129 ‘sel
441 1052 493 1142 εἰ,
508 1046 624 1125 Χνίιῖ.
726 1078 928 1089 --·

433 1152 448 1191 ρ

219 1257 294 1319 851.
334 1259 421 1318 Lindi
442 1260 624 1319 Rhodiorum
644 1260 674 1318 in
694 1281 768 1321 arce.
810 1263 888 1323 Ross
908 1262 994 1323 Arci.
1016 1264 1101 1338 Ausa.
1121 1263 1153 1322 11
1173 1262 1241 1323 609.

369 1379 603 1472 Ἀντιπάτροιο
626 1383 781 1475 θύγατρα
801 1388 876 1476 νέην
899 1384 948 1455 έτι
970 1386 1213 1475 Καλλικλεία[ν

455 1483 584 1563 Λίνδος
606 1481 785 1553 δνέστασεν
808 1486 1021 1575 πρεσβυτότα
1045 1487 1182 1567 πολίων,

370 1582 508 1673 μάμμης
531 1581 693 1669 ἠυκόμοιο
716 1591 916 1678 χαριζομένη
939 1589 1140 1679 χεράε[σσιν.

456 1683 479 1775 ἥ
501 1713 584 1754 ποτε
608 1691 663 1754 καὶ
685 1694 808 1779 χρυσῆν
831 1689 943 1758 εἰκόνα
968 1694 1053 1780 θῆκε
1077 1686 1216 1779 Κόρηίς.

297 1826 444 1886 drasam.
460 1871 468 1886 .
486 1867 493 1884 .
510 1827 604 1903 suppl.
621 1828 709 1888 Rosa.
738 1830 829 1888 Asiae
853 1841 968 1906 accepta
997 1829 1124 1904 beneficia
1144 1832 1278 1905 reserens,
1299 1850 1373 1907 qaae
1392 1836 1438 1891 e'n-

219 1932 259 1980 ter
278 1922 337 1979 alio
362 1925 441 1979 ctione
458 1922 646 1997 Proserpinae
667 1927 827 1982 inauratam
846 1929 992 2002 inspirent
1012 1926 1165 1982 dicaverat.
1196 1923 1319 1983 Videtur
1339 1934 1438 1984 autem

220 2019 300 2087 avia,
326 2034 413 2092 quam
438 2016 510 2074 nihil
534 2022 580 2075 est
605 2036 655 2075 cur
680 2018 761 2076 senio
786 2018 947 2076 confectam
971 2017 1144 2095 cogitemus,
1175 2036 1232 2075 non
1258 2017 1322 2076 sine
1347 2037 1438 2078 cansa

219 2100 341 2188 ἠδκομις
360 2110 505 2188 adpellari
536 2144 571 2154 —
593 2113 612 2168 4
632 2103 710 2191 κόρης
729 2111 818 2186 Ross,
833 2102 919 2190 Κόρης
940 2111 1009 2171 Keil
1030 2131 1076 2189 ap.
1098 2112 1183 2170 Rosa.
1204 2111 1221 2170 l.
1241 2130 1264 2170 s.
1284 2131 1308 2170 s.

725 2275 928 2286 -—--..

221 2424 297 2486 858.
338 2423 433 2504 Prope
452 2426 592 2488 Miletum.
633 2426 680 2486 Ex
700 2426 866 2488 (lhandlero
887 2426 920 2488 Ο.
942 2426 965 2488 Ι.
987 2427 1071 2489 2884.
1177 2405 1183 2411 ⁵

347 2547 529 2633 Εὐσεβέσιν
553 2547 697 2639 κλήροις,
722 2553 921 2627 Ποσιδιόνιι,
946 2552 1017 2641 τρίς
1039 2578 1077 2620 σε
1100 2551 1243 2636 λαχόντα

437 2654 629 2740 δ[έρ]κομαι
653 2651 686 2718 έν
709 2652 874 2735 Διδύμοις
897 2656 1082 2737 στέμμασιν
1103 2650 1289 2735 ἀθανάτοις

345 2758 435 2818 τοῖον
458 2744 496 2818 δν
514 2749 687 2820 Ἀπόλλων
710 2778 747 2821 σε
771 2752 949 2845 προφήτην
970 2751 1139 2847 ἠσπάσατ’
1169 2750 1269 2834 αἰετός

437 2856 550 2943 λῆμμα
574 2856 682 2939 κρίσιν
700 2855 826 2943 μητρός
847 2861 874 2922 τ’
898 2853 1051 2945 εὐσεβίην
1074 2854 1225 2936 δικάσας.

284 2961 303 3024 5
348 2944 386 3019 οὗ
409 2955 507 3033 κλέος
529 2951 599 3021 οὐδ’
623 2952 705 3022 αίιὺν
727 2957 935 3046 ἐπιλήσεται·
960 2950 1063 3045 δένδρα
1087 2959 1149 3046 γὰρ
1166 2951 1283 3048 εί[δ]εν

434 3060 499 3121 τῶν
521 3059 600 3143 πρὶν
623 3059 822 3144 λειτουργῶν
845 3053 955 3125 uideri
978 3060 1185 3144 λειπόμενον.

297 3223 426 3281 Litterae
446 3222 589 3300 vulgares.
610 3256 647 3266 —
669 3222 832 3300 Prophetae
857 3225 1047 3283 sacerdotium
1072 3224 1219 3303 publicum
1243 3224 1273 3281 in
1299 3224 1435 3302 plurimis

222 3317 321 3377 Ioniae
342 3317 468 3390 urbibus,
493 3316 620 3376 maxime
640 3317 671 3374 in
690 3316 921 3376 Branchidarum
943 3318 1011 3390 suit3
1038 3328 1117 3378 sorte
1136 3320 1292 3396 quotannis
1311 3321 1435 3398 prophe·

219 3419 267 3470 tae
300 3412 482 3489 eligebantur
513 3420 545 3470 ut
574 3412 711 3488 eponymi
741 3412 930 3489 magistratus
954 3411 1016 3470 loco
1043 3422 1153 3486 essent,
1183 3413 1219 3472 cs.
1245 3413 1367 3474 Bocckh
1396 3415 1434 3473 ad

220 3507 252 3566 C.
273 3507 292 3567 l.
315 3506 391 3565 2880
411 3506 597 3563 sortiebantur
618 3516 724 3564 ισυαιυι
750 3511 774 3564 ei
798 3507 896 3582 qaibrss
920 3510 963 3565 ias
988 3516 1047 3565 erat
1075 3508 1256 3583 capessendae
1270 3509 1435 3586 prophetiae

220 3606 301 3661 sertas
316 3601 438 3676 familias
454 3604 611 3677 propriam.
622 3634 659 3642 -
670 3599 687 3657 2
698 3617 726 3657 sr
738 3645 744 3658 .
758 3616 855 3658 nourr
869 3619 940 3659 corr.
961 3600 1087 3661 Boeclrh.
1115 3600 1260 3678 Loquitur
1271 3612 1323 3661 aut
1341 3621 1435 3681 popu·

219 3697 264 3754 lus
290 3703 341 3754 aut
364 3701 459 3753 mater
483 3694 523 3772 (v.
538 3695 579 3770 4).
600 3727 638 3737 -—
659 3696 677 3751 4
697 3694 855 3772 explicatio
882 3695 1024 3772 inpedita.
1071 3695 1131 3754 Vix
1156 3701 1235 3755 recte
1259 3695 1380 3755 Boeokh
1406 3706 1436 3756 et

218 3789 354 3848 Welclrer
375 3788 445 3865 Syll.
466 3806 494 3864 p.
510 3787 566 3846 293
589 3787 751 3847 lacobsium
774 3790 861 3847 secuti
883 3790 987 3868 λῆμμα
1006 3809 1060 3865 pro
1081 3789 1161 3867 λῆμα
1185 3790 1312 3867 positum
1331 3800 1435 3869 putant

218 3887 271 3944 hoc
292 3885 409 3960 quidem
430 3901 530 3941 sensu:
550 3884 679 3942 iudicans
699 3883 736 3958 (et
756 3886 857 3942 iudicio
877 3885 1051 3960 approbans)
1071 3885 1192 3942 indolem
1211 3895 1296 3958 taam,
1312 3888 1433 3960 proeiu-

219 3983 321 4038 δίαινε
342 3981 375 4036 de
401 3978 530 4036 teletam
549 3981 700 4053 matrisque
720 3982 857 4052 pietatem.
894 3978 967 4036 Mihi
992 3974 1011 4036 δ
1047 3965 1107 4046 ’ζειν
1127 3979 1204 4038 idem
1221 3978 1335 4038 videtur
1354 3979 1433 4055 quod

218 4073 321 4153 κρίνειν,
347 4074 451 4151 λῆμμα
476 4073 506 4131 id
532 4084 575 4130 est
600 4072 680 4147 quod
699 4072 765 4147 quis
785 4072 862 4131 dono
888 4071 1001 4150 accipit
1023 4065 1105 4152 spica
1131 4072 1248 4146 electio,
1273 4091 1349 4150 quae
1372 4092 1433 4132 non

218 4187 288 4226 casu
308 4168 358 4226 sed
378 4167 482 4224 iudicio
503 4166 620 4237 nititur;
651 4166 837 4242 interpretor:
870 4177 911 4224 ter
932 4177 955 4224 te
975 4177 1063 4225 νσιιια
1081 4168 1212 4226 saluauit
1234 4166 1370 4240 Prona,
1392 4176 1433 4226 ter

218 4271 318 4321 sortem
339 4263 475 4320 etechonis
495 4260 555 4318 loco
576 4260 686 4333 λαδαιε,
706 4261 724 4317 i.
746 4280 769 4319 e.
792 4262 895 4319 donam
916 4263 992 4334 quod
1011 4265 1095 4320 sortis
1117 4262 1244 4337 beneficio
1264 4271 1383 4321 υαοατι
1403 4280 1432 4322 ss

217 4355 379 4434 adprobant
401 4367 540 4434 toraqaam
560 4355 713 4432 eliperttr'ara
732 4357 876 4430 ιἰιδίοίιιυι,
902 4376 952 4415 nec
976 4360 1067 4416 recinas
1094 4361 1192 4416 raatrris
1215 4368 1279 4417 αισι
1302 4360 1433 4436 msam
