<?xml version="1.0" encoding="UTF-8"?>
<!DOCTYPE html PUBLIC "-//W3C//DTD XHTML 1.0 Transitional//EN"
    "http://www.w3.org/TR/xhtml1/DTD/xhtml1-transitional.dtd">
<html xmlns="http://www.w3.org/1999/xhtml" xml:lang="en" lang="en">
 <head>
  <title>
</title>
<meta http-equiv="Content-Type" content="text/html;charset=utf-8" />
  <meta name='ocr-system' content='tesseract 3.04.00' />
  <meta name='ocr-capabilities' content='ocr_page ocr_carea ocr_par ocr_line ocrx_word'/>
</head>
<body>
  <div class='ocr_page' id='page_1' title='image "./epigrammatagrca01kaibgoog_0013.png"; bbox 0 0 3292 5152; ppageno 0'>
   <div class='ocr_carea' id='block_1_1' title="bbox 213 354 880 426">
    <p class='ocr_par' dir='ltr' id='par_1_1' title="bbox 213 354 880 426">
     <span class='ocr_line' id='line_1_1' title="bbox 213 354 880 426; baseline 0.003 -15"><span class='ocrx_word' id='word_1_1' title='bbox 213 378 274 426; x_wconf 78' lang='lat' dir='ltr'>vm</span> <span class='ocrx_word' id='word_1_2' title='bbox 747 354 880 425; x_wconf 87' lang='lat' dir='ltr'>praelatio.</span> 
     </span>
    </p>
   </div>
   <div class='ocr_carea' id='block_1_2' title="bbox 214 524 1426 602">
    <p class='ocr_par' dir='ltr' id='par_1_2' title="bbox 214 524 1426 602">
     <span class='ocr_line' id='line_1_2' title="bbox 214 524 1426 602; baseline -0.002 -15"><span class='ocrx_word' id='word_1_3' title='bbox 214 531 317 589; x_wconf 89' lang='lat' dir='ltr'>iudicis</span> <span class='ocrx_word' id='word_1_4' title='bbox 337 538 381 587; x_wconf 88' lang='lat' dir='ltr'>est</span> <span class='ocrx_word' id='word_1_5' title='bbox 404 528 433 585; x_wconf 93' lang='lat' dir='ltr'>in</span> <span class='ocrx_word' id='word_1_6' title='bbox 460 527 502 585; x_wconf 87' lang='lat' dir='ltr'>eis</span> <span class='ocrx_word' id='word_1_7' title='bbox 523 524 594 583; x_wconf 92' lang='lat' dir='ltr'>solis</span> <span class='ocrx_word' id='word_1_8' title='bbox 619 524 791 601; x_wconf 80' lang='lat' dir='ltr'>indagandis</span> <span class='ocrx_word' id='word_1_9' title='bbox 816 536 867 585; x_wconf 92' lang='lat' dir='ltr'>aut</span> <span class='ocrx_word' id='word_1_10' title='bbox 896 531 1011 602; x_wconf 89' lang='lat' dir='ltr'>tempus</span> <span class='ocrx_word' id='word_1_11' title='bbox 1041 536 1133 584; x_wconf 87' lang='lat' dir='ltr'>terere</span> <span class='ocrx_word' id='word_1_12' title='bbox 1160 532 1210 583; x_wconf 89' lang='lat' dir='ltr'>aut</span> <span class='ocrx_word' id='word_1_13' title='bbox 1233 525 1426 584; x_wconf 88' lang='lat' dir='ltr'>eruditionem</span> 
     </span>
    </p>
   </div>
   <div class='ocr_carea' id='block_1_3' title="bbox 156 638 369 692">
    <p class='ocr_par' dir='ltr' id='par_1_3' title="bbox 156 638 369 692">
     <span class='ocr_line' id='line_1_3' title="bbox 156 638 369 692; baseline -0.009 0"><span class='ocrx_word' id='word_1_14' title='bbox 156 688 158 692; x_wconf 22' lang='lat' dir='ltr'>r</span> <span class='ocrx_word' id='word_1_15' title='bbox 214 638 369 692; x_wconf 87' lang='lat' dir='ltr'>ostentare.</span> 
     </span>
    </p>
   </div>
   <div class='ocr_carea' id='block_1_4' title="bbox 214 729 1439 4297">
    <p class='ocr_par' dir='ltr' id='par_1_4' title="bbox 214 729 1439 4297">
     <span class='ocr_line' id='line_1_4' title="bbox 294 729 1427 811; baseline -0.005 -17"><span class='ocrx_word' id='word_1_16' title='bbox 294 735 433 811; x_wconf 82' lang='lat' dir='ltr'>Superest</span> <span class='ocrx_word' id='word_1_17' title='bbox 452 732 536 808; x_wconf 90' lang='lat' dir='ltr'>longe</span> <span class='ocrx_word' id='word_1_18' title='bbox 557 729 759 790; x_wconf 83' lang='lat' dir='ltr'>difficillimum</span> <span class='ocrx_word' id='word_1_19' title='bbox 781 730 955 790; x_wconf 86' lang='lat' dir='ltr'>emendandi</span> <span class='ocrx_word' id='word_1_20' title='bbox 976 730 1190 806; x_wconf 90' lang='lat' dir='ltr'>adnotandique</span> <span class='ocrx_word' id='word_1_21' title='bbox 1204 750 1317 790; x_wconf 85' lang='lat' dir='ltr'>munus.</span> <span class='ocrx_word' id='word_1_22' title='bbox 1343 730 1427 789; x_wconf 90' lang='lat' dir='ltr'>Duae</span> 
     </span>
     <span class='ocr_line' id='line_1_5' title="bbox 214 832 1428 910; baseline -0.007 -12"><span class='ocrx_word' id='word_1_23' title='bbox 214 847 310 898; x_wconf 70' lang='lat' dir='ltr'>summ</span> <span class='ocrx_word' id='word_1_24' title='bbox 331 845 397 895; x_wconf 90' lang='lat' dir='ltr'>sunt</span> <span class='ocrx_word' id='word_1_25' title='bbox 418 833 615 892; x_wconf 78' lang='lat' dir='ltr'>adnotationis</span> <span class='ocrx_word' id='word_1_26' title='bbox 634 839 743 909; x_wconf 87' lang='lat' dir='ltr'>partes,</span> <span class='ocrx_word' id='word_1_27' title='bbox 764 833 856 892; x_wconf 88' lang='lat' dir='ltr'>altera</span> <span class='ocrx_word' id='word_1_28' title='bbox 875 853 951 909; x_wconf 86' lang='lat' dir='ltr'>quae</span> <span class='ocrx_word' id='word_1_29' title='bbox 971 832 1115 892; x_wconf 75' lang='lat' dir='ltr'>antecedit</span> <span class='ocrx_word' id='word_1_30' title='bbox 1133 833 1228 910; x_wconf 91' lang='lat' dir='ltr'>ipsum</span> <span class='ocrx_word' id='word_1_31' title='bbox 1248 834 1428 910; x_wconf 86' lang='lat' dir='ltr'>epigramma</span> 
     </span>
     <span class='ocr_line' id='line_1_6' title="bbox 215 935 1428 1012; baseline -0.006 -12"><span class='ocrx_word' id='word_1_32' title='bbox 215 943 308 1000; x_wconf 90' lang='lat' dir='ltr'>locum</span> <span class='ocrx_word' id='word_1_33' title='bbox 330 939 376 996; x_wconf 93' lang='lat' dir='ltr'>ubi</span> <span class='ocrx_word' id='word_1_34' title='bbox 397 941 546 1012; x_wconf 87' lang='lat' dir='ltr'>repertum</span> <span class='ocrx_word' id='word_1_35' title='bbox 566 935 605 993; x_wconf 88' lang='lat' dir='ltr'>sit</span> <span class='ocrx_word' id='word_1_36' title='bbox 623 935 806 1011; x_wconf 83' lang='lat' dir='ltr'>editoresque</span> <span class='ocrx_word' id='word_1_37' title='bbox 826 936 957 994; x_wconf 89' lang='lat' dir='ltr'>indicans</span> <span class='ocrx_word' id='word_1_38' title='bbox 971 958 977 993; x_wconf 94' lang='lat'><strong>:</strong></span> <span class='ocrx_word' id='word_1_39' title='bbox 989 936 1038 994; x_wconf 92' lang='lat' dir='ltr'>ubi</span> <span class='ocrx_word' id='word_1_40' title='bbox 1058 936 1176 994; x_wconf 91' lang='lat' dir='ltr'>minime</span> <span class='ocrx_word' id='word_1_41' title='bbox 1195 935 1323 994; x_wconf 91' lang='lat' dir='ltr'>omnium</span> <span class='ocrx_word' id='word_1_42' title='bbox 1344 936 1428 1011; x_wconf 90' lang='lat' dir='ltr'>posui</span> 
     </span>
     <span class='ocr_line' id='line_1_7' title="bbox 215 1037 1428 1114; baseline -0.007 -12"><span class='ocrx_word' id='word_1_43' title='bbox 215 1044 358 1103; x_wconf 91' lang='lat' dir='ltr'>editorum</span> <span class='ocrx_word' id='word_1_44' title='bbox 379 1038 497 1097; x_wconf 92' lang='lat' dir='ltr'>nomina</span> <span class='ocrx_word' id='word_1_45' title='bbox 519 1037 568 1095; x_wconf 89' lang='lat' dir='ltr'>sed</span> <span class='ocrx_word' id='word_1_46' title='bbox 589 1056 690 1095; x_wconf 87' lang='lat' dir='ltr'>eorum</span> <span class='ocrx_word' id='word_1_47' title='bbox 711 1039 760 1114; x_wconf 92' lang='lat' dir='ltr'>qui</span> <span class='ocrx_word' id='word_1_48' title='bbox 780 1039 827 1097; x_wconf 85' lang='lat' dir='ltr'>rel</span> <span class='ocrx_word' id='word_1_49' title='bbox 844 1037 952 1114; x_wconf 89' lang='lat' dir='ltr'>optime</span> <span class='ocrx_word' id='word_1_50' title='bbox 971 1037 1124 1096; x_wconf 88' lang='lat' dir='ltr'>ediderunt</span> <span class='ocrx_word' id='word_1_51' title='bbox 1137 1038 1182 1096; x_wconf 87' lang='lat' dir='ltr'>vel</span> <span class='ocrx_word' id='word_1_52' title='bbox 1196 1037 1375 1114; x_wconf 84' lang='lat' dir='ltr'>plenissime,</span> <span class='ocrx_word' id='word_1_53' title='bbox 1397 1048 1428 1096; x_wconf 91' lang='lat' dir='ltr'>ut</span> 
     </span>
     <span class='ocr_line' id='line_1_8' title="bbox 216 1140 1428 1229; baseline -0.007 -23"><span class='ocrx_word' id='word_1_54' title='bbox 216 1147 380 1221; x_wconf 91' lang='lat' dir='ltr'>Corporum</span> <span class='ocrx_word' id='word_1_55' title='bbox 401 1142 534 1212; x_wconf 79' lang='lat' dir='ltr'>editores,</span> <span class='ocrx_word' id='word_1_56' title='bbox 562 1141 725 1217; x_wconf 87' lang='lat' dir='ltr'>superiores</span> <span class='ocrx_word' id='word_1_57' title='bbox 746 1140 887 1199; x_wconf 87' lang='lat' dir='ltr'>editiones</span> <span class='ocrx_word' id='word_1_58' title='bbox 907 1146 1163 1212; x_wconf 80' lang='lat' dir='ltr'>enumeraverunt3</span> <span class='ocrx_word' id='word_1_59' title='bbox 1200 1140 1428 1229; x_wconf 58' lang='lat' dir='ltr'>quaejpsede·</span> 
     </span>
     <span class='ocr_line' id='line_1_9' title="bbox 218 1242 1429 1330; baseline -0.007 -21"><span class='ocrx_word' id='word_1_60' title='bbox 218 1250 394 1326; x_wconf 81' lang='lat' dir='ltr'>scripseram</span> <span class='ocrx_word' id='word_1_61' title='bbox 414 1242 1029 1330; x_wconf 42' lang='lat' dir='ltr'>asseriSQmerflgfiffqwll,-</span> <span class='ocrx_word' id='word_1_62' title='bbox 1049 1244 1141 1302; x_wconf 87' lang='lat' dir='ltr'>altera</span> <span class='ocrx_word' id='word_1_63' title='bbox 1160 1261 1234 1318; x_wconf 89' lang='lat' dir='ltr'>quae</span> <span class='ocrx_word' id='word_1_64' title='bbox 1259 1250 1303 1299; x_wconf 93' lang='lat' dir='ltr'>est</span> <span class='ocrx_word' id='word_1_65' title='bbox 1328 1242 1429 1300; x_wconf 92' lang='lat' dir='ltr'>critica</span> 
     </span>
     <span class='ocr_line' id='line_1_10' title="bbox 217 1343 1428 1424; baseline -0.006 -13"><span class='ocrx_word' id='word_1_66' title='bbox 217 1360 248 1411; x_wconf 93' lang='lat' dir='ltr'>et</span> <span class='ocrx_word' id='word_1_67' title='bbox 273 1346 520 1424; x_wconf 82' lang='lat' dir='ltr'>interpretatoria.</span> <span class='ocrx_word' id='word_1_68' title='bbox 562 1343 652 1402; x_wconf 86' lang='lat' dir='ltr'>Cuius</span> <span class='ocrx_word' id='word_1_69' title='bbox 679 1346 773 1420; x_wconf 90' lang='lat' dir='ltr'>primo</span> <span class='ocrx_word' id='word_1_70' title='bbox 801 1347 864 1404; x_wconf 93' lang='lat' dir='ltr'>loco</span> <span class='ocrx_word' id='word_1_71' title='bbox 892 1344 1011 1420; x_wconf 88' lang='lat' dir='ltr'>saepius</span> <span class='ocrx_word' id='word_1_72' title='bbox 1036 1345 1165 1405; x_wconf 85' lang='lat' dir='ltr'>indicavi</span> <span class='ocrx_word' id='word_1_73' title='bbox 1192 1344 1300 1403; x_wconf 87' lang='lat' dir='ltr'>saeculi</span> <span class='ocrx_word' id='word_1_74' title='bbox 1328 1354 1428 1404; x_wconf 91' lang='lat' dir='ltr'>notam</span> 
     </span>
     <span class='ocr_line' id='line_1_11' title="bbox 219 1446 1429 1531; baseline -0.006 -19"><span class='ocrx_word' id='word_1_75' title='bbox 219 1455 390 1531; x_wconf 88' lang='lat' dir='ltr'>plerumque</span> <span class='ocrx_word' id='word_1_76' title='bbox 415 1467 450 1505; x_wconf 86' lang='lat' dir='ltr'>ex</span> <span class='ocrx_word' id='word_1_77' title='bbox 476 1446 590 1504; x_wconf 87' lang='lat' dir='ltr'>indiciis</span> <span class='ocrx_word' id='word_1_78' title='bbox 616 1447 825 1526; x_wconf 85' lang='lat' dir='ltr'>epigraphicis,</span> <span class='ocrx_word' id='word_1_79' title='bbox 850 1448 998 1507; x_wconf 90' lang='lat' dir='ltr'>interdum</span> <span class='ocrx_word' id='word_1_80' title='bbox 1022 1467 1059 1505; x_wconf 82' lang='lat' dir='ltr'>ex</span> <span class='ocrx_word' id='word_1_81' title='bbox 1083 1447 1181 1506; x_wconf 87' lang='lat' dir='ltr'>indole</span> <span class='ocrx_word' id='word_1_82' title='bbox 1209 1447 1429 1524; x_wconf 80' lang='lat' dir='ltr'>epigrammatis</span> 
     </span>
     <span class='ocr_line' id='line_1_12' title="bbox 217 1548 1430 1632; baseline -0.005 -18"><span class='ocrx_word' id='word_1_83' title='bbox 217 1555 379 1632; x_wconf 87' lang='lat' dir='ltr'>repetitam.</span> <span class='ocrx_word' id='word_1_84' title='bbox 402 1550 467 1622; x_wconf 79' lang='lat' dir='ltr'>Qua</span> <span class='ocrx_word' id='word_1_85' title='bbox 486 1550 516 1608; x_wconf 91' lang='lat' dir='ltr'>in</span> <span class='ocrx_word' id='word_1_86' title='bbox 536 1569 568 1606; x_wconf 86' lang='lat' dir='ltr'>re</span> <span class='ocrx_word' id='word_1_87' title='bbox 588 1549 658 1625; x_wconf 90' lang='lat' dir='ltr'>quin</span> <span class='ocrx_word' id='word_1_88' title='bbox 679 1567 767 1626; x_wconf 89' lang='lat' dir='ltr'>saepe</span> <span class='ocrx_word' id='word_1_89' title='bbox 786 1551 944 1609; x_wconf 83' lang='lat' dir='ltr'>erraverim</span> <span class='ocrx_word' id='word_1_90' title='bbox 963 1568 1022 1608; x_wconf 90' lang='lat' dir='ltr'>non</span> <span class='ocrx_word' id='word_1_91' title='bbox 1040 1548 1151 1622; x_wconf 89' lang='lat' dir='ltr'>dubito,</span> <span class='ocrx_word' id='word_1_92' title='bbox 1171 1567 1264 1625; x_wconf 89' lang='lat' dir='ltr'>neque</span> <span class='ocrx_word' id='word_1_93' title='bbox 1277 1550 1430 1608; x_wconf 91' lang='lat' dir='ltr'>mirabitur</span> 
     </span>
     <span class='ocr_line' id='line_1_13' title="bbox 218 1652 1430 1735; baseline -0.003 -20"><span class='ocrx_word' id='word_1_94' title='bbox 218 1658 268 1735; x_wconf 90' lang='lat' dir='ltr'>qui</span> <span class='ocrx_word' id='word_1_95' title='bbox 290 1662 401 1734; x_wconf 87' lang='lat' dir='ltr'>quanta</span> <span class='ocrx_word' id='word_1_96' title='bbox 421 1653 530 1711; x_wconf 90' lang='lat' dir='ltr'>incuria</span> <span class='ocrx_word' id='word_1_97' title='bbox 549 1660 665 1726; x_wconf 87' lang='lat' dir='ltr'>praeter</span> <span class='ocrx_word' id='word_1_98' title='bbox 684 1652 789 1710; x_wconf 87' lang='lat' dir='ltr'>atticos</span> <span class='ocrx_word' id='word_1_99' title='bbox 809 1653 908 1712; x_wconf 88' lang='lat' dir='ltr'>titulos</span> <span class='ocrx_word' id='word_1_100' title='bbox 927 1653 1066 1729; x_wconf 85' lang='lat' dir='ltr'>pleraque</span> <span class='ocrx_word' id='word_1_101' title='bbox 1089 1672 1127 1710; x_wconf 84' lang='lat' dir='ltr'>ex</span> <span class='ocrx_word' id='word_1_102' title='bbox 1146 1652 1289 1729; x_wconf 85' lang='lat' dir='ltr'>lapidibus</span> <span class='ocrx_word' id='word_1_103' title='bbox 1307 1653 1430 1732; x_wconf 84' lang='lat' dir='ltr'>describi</span> 
     </span>
     <span class='ocr_line' id='line_1_14' title="bbox 221 1754 1431 1831; baseline -0.004 -12"><span class='ocrx_word' id='word_1_104' title='bbox 221 1760 333 1819; x_wconf 89' lang='lat' dir='ltr'>soleant</span> <span class='ocrx_word' id='word_1_105' title='bbox 353 1755 466 1815; x_wconf 86' lang='lat' dir='ltr'>noverit</span> <span class='ocrx_word' id='word_1_106' title='bbox 486 1754 593 1830; x_wconf 89' lang='lat' dir='ltr'>quique</span> <span class='ocrx_word' id='word_1_107' title='bbox 614 1772 702 1829; x_wconf 85' lang='lat' dir='ltr'>quam</span> <span class='ocrx_word' id='word_1_108' title='bbox 722 1754 815 1813; x_wconf 83' lang='lat' dir='ltr'>fallax</span> <span class='ocrx_word' id='word_1_109' title='bbox 834 1755 873 1813; x_wconf 93' lang='lat' dir='ltr'>sit</span> <span class='ocrx_word' id='word_1_110' title='bbox 892 1773 961 1813; x_wconf 91' lang='lat' dir='ltr'>usus</span> <span class='ocrx_word' id='word_1_111' title='bbox 981 1755 1152 1830; x_wconf 88' lang='lat' dir='ltr'>auriumque</span> <span class='ocrx_word' id='word_1_112' title='bbox 1171 1754 1307 1814; x_wconf 90' lang='lat' dir='ltr'>iudicium</span> <span class='ocrx_word' id='word_1_113' title='bbox 1328 1773 1431 1831; x_wconf 88' lang='lat' dir='ltr'>exper-</span> 
     </span>
     <span class='ocr_line' id='line_1_15' title="bbox 218 1856 1428 1934; baseline -0.002 -13"><span class='ocrx_word' id='word_1_114' title='bbox 218 1873 265 1921; x_wconf 91' lang='lat' dir='ltr'>tus</span> <span class='ocrx_word' id='word_1_115' title='bbox 292 1861 356 1919; x_wconf 86' lang='lat' dir='ltr'>erit</span> <span class='ocrx_word' id='word_1_116' title='bbox 403 1857 481 1916; x_wconf 89' lang='lat' dir='ltr'>Tum</span> <span class='ocrx_word' id='word_1_117' title='bbox 508 1856 616 1914; x_wconf 88' lang='lat' dir='ltr'>variam</span> <span class='ocrx_word' id='word_1_118' title='bbox 645 1857 797 1916; x_wconf 85' lang='lat' dir='ltr'>lectionem</span> <span class='ocrx_word' id='word_1_119' title='bbox 825 1858 966 1932; x_wconf 83' lang='lat' dir='ltr'>adstruxi,</span> <span class='ocrx_word' id='word_1_120' title='bbox 997 1877 1033 1916; x_wconf 91' lang='lat' dir='ltr'>ne</span> <span class='ocrx_word' id='word_1_121' title='bbox 1058 1857 1132 1915; x_wconf 91' lang='lat' dir='ltr'>hanc</span> <span class='ocrx_word' id='word_1_122' title='bbox 1156 1856 1273 1933; x_wconf 86' lang='lat' dir='ltr'>quidem</span> <span class='ocrx_word' id='word_1_123' title='bbox 1298 1858 1428 1934; x_wconf 87' lang='lat' dir='ltr'>plenam:</span> 
     </span>
     <span class='ocr_line' id='line_1_16' title="bbox 219 1959 1432 2038; baseline -0.003 -16"><span class='ocrx_word' id='word_1_124' title='bbox 219 1963 342 2022; x_wconf 89' lang='lat' dir='ltr'>meliora</span> <span class='ocrx_word' id='word_1_125' title='bbox 361 1961 437 2019; x_wconf 91' lang='lat' dir='ltr'>enim</span> <span class='ocrx_word' id='word_1_126' title='bbox 458 1961 507 2019; x_wconf 93' lang='lat' dir='ltr'>ubi</span> <span class='ocrx_word' id='word_1_127' title='bbox 528 1964 647 2037; x_wconf 90' lang='lat' dir='ltr'>praesto</span> <span class='ocrx_word' id='word_1_128' title='bbox 667 1971 749 2016; x_wconf 90' lang='lat' dir='ltr'>erant</span> <span class='ocrx_word' id='word_1_129' title='bbox 769 1960 940 2038; x_wconf 87' lang='lat' dir='ltr'>apographa</span> <span class='ocrx_word' id='word_1_130' title='bbox 959 1959 1104 2018; x_wconf 83' lang='lat' dir='ltr'>deteriora</span> <span class='ocrx_word' id='word_1_131' title='bbox 1124 1965 1156 2018; x_wconf 94' lang='lat' dir='ltr'>ut</span> <span class='ocrx_word' id='word_1_132' title='bbox 1181 1977 1236 2035; x_wconf 88' lang='lat' dir='ltr'>par</span> <span class='ocrx_word' id='word_1_133' title='bbox 1262 1968 1308 2019; x_wconf 90' lang='lat' dir='ltr'>est</span> <span class='ocrx_word' id='word_1_134' title='bbox 1331 1961 1432 2034; x_wconf 87' lang='lat' dir='ltr'>abieci,</span> 
     </span>
     <span class='ocr_line' id='line_1_17' title="bbox 219 2062 1435 2139; baseline -0.003 -14"><span class='ocrx_word' id='word_1_135' title='bbox 219 2068 269 2125; x_wconf 91' lang='lat' dir='ltr'>ubi</span> <span class='ocrx_word' id='word_1_136' title='bbox 290 2063 468 2124; x_wconf 88' lang='lat' dir='ltr'>dubitationi</span> <span class='ocrx_word' id='word_1_137' title='bbox 489 2064 569 2120; x_wconf 88' lang='lat' dir='ltr'>loeus</span> <span class='ocrx_word' id='word_1_138' title='bbox 590 2062 742 2120; x_wconf 90' lang='lat' dir='ltr'>videbatur</span> <span class='ocrx_word' id='word_1_139' title='bbox 762 2062 886 2139; x_wconf 90' lang='lat' dir='ltr'>relinqui</span> <span class='ocrx_word' id='word_1_140' title='bbox 907 2064 972 2121; x_wconf 80' lang='lat' dir='ltr'>cari</span> <span class='ocrx_word' id='word_1_141' title='bbox 993 2081 1028 2120; x_wconf 91' lang='lat' dir='ltr'>ne</span> <span class='ocrx_word' id='word_1_142' title='bbox 1048 2063 1118 2138; x_wconf 91' lang='lat' dir='ltr'>quid</span> <span class='ocrx_word' id='word_1_143' title='bbox 1138 2062 1308 2121; x_wconf 86' lang='lat' dir='ltr'>omitterem.</span> <span class='ocrx_word' id='word_1_144' title='bbox 1342 2063 1435 2121; x_wconf 90' lang='lat' dir='ltr'>Inter-</span> 
     </span>
     <span class='ocr_line' id='line_1_18' title="bbox 219 2164 1436 2245; baseline -0.002 -19"><span class='ocrx_word' id='word_1_145' title='bbox 219 2186 369 2245; x_wconf 82' lang='lat' dir='ltr'>preaesse</span> <span class='ocrx_word' id='word_1_146' title='bbox 395 2166 492 2224; x_wconf 86' lang='lat' dir='ltr'>studui</span> <span class='ocrx_word' id='word_1_147' title='bbox 517 2184 605 2240; x_wconf 91' lang='lat' dir='ltr'>quam</span> <span class='ocrx_word' id='word_1_148' title='bbox 631 2164 822 2223; x_wconf 88' lang='lat' dir='ltr'>brevissimus</span> <span class='ocrx_word' id='word_1_149' title='bbox 848 2172 877 2223; x_wconf 92' lang='lat' dir='ltr'>et</span> <span class='ocrx_word' id='word_1_150' title='bbox 908 2184 995 2240; x_wconf 88' lang='lat' dir='ltr'>quam</span> <span class='ocrx_word' id='word_1_151' title='bbox 1026 2164 1206 2239; x_wconf 61' lang='lat' dir='ltr'>rarissimum</span> <span class='ocrx_word' id='word_1_152' title='bbox 1235 2184 1330 2241; x_wconf 91' lang='lat' dir='ltr'>neque</span> <span class='ocrx_word' id='word_1_153' title='bbox 1359 2166 1436 2224; x_wconf 91' lang='lat' dir='ltr'>enim</span> 
     </span>
     <span class='ocr_line' id='line_1_19' title="bbox 219 2267 1437 2347; baseline -0.002 -19"><span class='ocrx_word' id='word_1_154' title='bbox 219 2290 295 2347; x_wconf 91' lang='lat' dir='ltr'>quae</span> <span class='ocrx_word' id='word_1_155' title='bbox 316 2289 351 2326; x_wconf 84' lang='lat' dir='ltr'>ex</span> <span class='ocrx_word' id='word_1_156' title='bbox 374 2269 511 2327; x_wconf 89' lang='lat' dir='ltr'>continua</span> <span class='ocrx_word' id='word_1_157' title='bbox 530 2272 772 2344; x_wconf 85' lang='lat' dir='ltr'>epigrammatum</span> <span class='ocrx_word' id='word_1_158' title='bbox 798 2267 922 2325; x_wconf 89' lang='lat' dir='ltr'>lectione</span> <span class='ocrx_word' id='word_1_159' title='bbox 947 2276 1050 2343; x_wconf 88' lang='lat' dir='ltr'>sponte</span> <span class='ocrx_word' id='word_1_160' title='bbox 1079 2267 1261 2342; x_wconf 81' lang='lat' dir='ltr'>explicantur</span> <span class='ocrx_word' id='word_1_161' title='bbox 1285 2274 1437 2344; x_wconf 83' lang='lat' dir='ltr'>tamquam</span> 
     </span>
     <span class='ocr_line' id='line_1_20' title="bbox 219 2368 1436 2446; baseline -0.002 -16"><span class='ocrx_word' id='word_1_162' title='bbox 219 2374 250 2430; x_wconf 92' lang='lat' dir='ltr'>in</span> <span class='ocrx_word' id='word_1_163' title='bbox 270 2372 398 2429; x_wconf 88' lang='lat' dir='ltr'>tironum</span> <span class='ocrx_word' id='word_1_164' title='bbox 421 2387 503 2428; x_wconf 90' lang='lat' dir='ltr'>usum</span> <span class='ocrx_word' id='word_1_165' title='bbox 524 2387 729 2444; x_wconf 91' lang='lat' dir='ltr'>usquequaque</span> <span class='ocrx_word' id='word_1_166' title='bbox 750 2370 858 2442; x_wconf 88' lang='lat' dir='ltr'>monui,</span> <span class='ocrx_word' id='word_1_167' title='bbox 879 2369 921 2428; x_wconf 91' lang='lat' dir='ltr'>eis</span> <span class='ocrx_word' id='word_1_168' title='bbox 941 2368 1001 2427; x_wconf 86' lang='lat' dir='ltr'>fere</span> <span class='ocrx_word' id='word_1_169' title='bbox 1021 2379 1171 2428; x_wconf 88' lang='lat' dir='ltr'>contentus</span> <span class='ocrx_word' id='word_1_170' title='bbox 1191 2389 1267 2446; x_wconf 88' lang='lat' dir='ltr'>quac</span> <span class='ocrx_word' id='word_1_171' title='bbox 1287 2371 1326 2429; x_wconf 91' lang='lat' dir='ltr'>ad</span> <span class='ocrx_word' id='word_1_172' title='bbox 1340 2389 1436 2429; x_wconf 90' lang='lat' dir='ltr'>emen·</span> 
     </span>
     <span class='ocr_line' id='line_1_21' title="bbox 223 2471 1436 2548; baseline 0.001 -17"><span class='ocrx_word' id='word_1_173' title='bbox 223 2474 371 2532; x_wconf 88' lang='lat' dir='ltr'>dationem</span> <span class='ocrx_word' id='word_1_174' title='bbox 393 2478 465 2547; x_wconf 82' lang='lat' dir='ltr'>apta</span> <span class='ocrx_word' id='word_1_175' title='bbox 485 2481 513 2527; x_wconf 85' lang='lat' dir='ltr'>et</span> <span class='ocrx_word' id='word_1_176' title='bbox 533 2471 696 2528; x_wconf 89' lang='lat' dir='ltr'>necessaria</span> <span class='ocrx_word' id='word_1_177' title='bbox 716 2477 823 2530; x_wconf 82' lang='lat' dir='ltr'>essent</span> <span class='ocrx_word' id='word_1_178' title='bbox 864 2471 929 2529; x_wconf 91' lang='lat' dir='ltr'>Hoc</span> <span class='ocrx_word' id='word_1_179' title='bbox 954 2471 1030 2529; x_wconf 88' lang='lat' dir='ltr'>enim</span> <span class='ocrx_word' id='word_1_180' title='bbox 1056 2472 1189 2548; x_wconf 87' lang='lat' dir='ltr'>inprimis</span> <span class='ocrx_word' id='word_1_181' title='bbox 1214 2472 1366 2531; x_wconf 90' lang='lat' dir='ltr'>eonsilium</span> <span class='ocrx_word' id='word_1_182' title='bbox 1392 2493 1436 2532; x_wconf 90' lang='lat' dir='ltr'>se-</span> 
     </span>
     <span class='ocr_line' id='line_1_22' title="bbox 221 2573 1439 2651; baseline -0.001 -17"><span class='ocrx_word' id='word_1_183' title='bbox 221 2584 306 2635; x_wconf 89' lang='lat' dir='ltr'>cutus</span> <span class='ocrx_word' id='word_1_184' title='bbox 326 2592 390 2632; x_wconf 87' lang='lat' dir='ltr'>sum</span> <span class='ocrx_word' id='word_1_185' title='bbox 414 2583 446 2630; x_wconf 88' lang='lat' dir='ltr'>ut</span> <span class='ocrx_word' id='word_1_186' title='bbox 465 2573 706 2648; x_wconf 84' lang='lat' dir='ltr'>epigrammatum</span> <span class='ocrx_word' id='word_1_187' title='bbox 726 2573 815 2631; x_wconf 85' lang='lat' dir='ltr'>verba</span> <span class='ocrx_word' id='word_1_188' title='bbox 834 2573 1030 2631; x_wconf 88' lang='lat' dir='ltr'>emendatiora</span> <span class='ocrx_word' id='word_1_189' title='bbox 1050 2592 1137 2650; x_wconf 90' lang='lat' dir='ltr'>quam</span> <span class='ocrx_word' id='word_1_190' title='bbox 1158 2574 1252 2632; x_wconf 90' lang='lat' dir='ltr'>adhuc</span> <span class='ocrx_word' id='word_1_191' title='bbox 1270 2575 1439 2651; x_wconf 87' lang='lat' dir='ltr'>legebantur</span> 
     </span>
     <span class='ocr_line' id='line_1_23' title="bbox 222 2675 1437 2757; baseline 0.002 -22"><span class='ocrx_word' id='word_1_192' title='bbox 222 2696 424 2757; x_wconf 84' lang='lat' dir='ltr'>proponerem,</span> <span class='ocrx_word' id='word_1_193' title='bbox 456 2676 534 2750; x_wconf 90' lang='lat' dir='ltr'>quod</span> <span class='ocrx_word' id='word_1_194' title='bbox 565 2675 628 2732; x_wconf 86' lang='lat' dir='ltr'>lieri</span> <span class='ocrx_word' id='word_1_195' title='bbox 658 2676 753 2751; x_wconf 90' lang='lat' dir='ltr'>potuit</span> <span class='ocrx_word' id='word_1_196' title='bbox 776 2675 822 2733; x_wconf 84' lang='lat' dir='ltr'>rel</span> <span class='ocrx_word' id='word_1_197' title='bbox 847 2676 1018 2734; x_wconf 89' lang='lat' dir='ltr'>melioribus</span> <span class='ocrx_word' id='word_1_198' title='bbox 1043 2676 1163 2736; x_wconf 84' lang='lat' dir='ltr'>adscitis</span> <span class='ocrx_word' id='word_1_199' title='bbox 1189 2678 1366 2754; x_wconf 84' lang='lat' dir='ltr'>apographis</span> <span class='ocrx_word' id='word_1_200' title='bbox 1392 2679 1437 2737; x_wconf 88' lang='lat' dir='ltr'>vel</span> 
     </span>
     <span class='ocr_line' id='line_1_24' title="bbox 221 2777 1437 2841; baseline -0.001 0"><span class='ocrx_word' id='word_1_201' title='bbox 221 2780 394 2841; x_wconf 85' lang='lat' dir='ltr'>deteriorum</span> <span class='ocrx_word' id='word_1_202' title='bbox 430 2778 487 2836; x_wconf 85' lang='lat' dir='ltr'>tide</span> <span class='ocrx_word' id='word_1_203' title='bbox 519 2778 684 2835; x_wconf 87' lang='lat' dir='ltr'>adcuratius</span> <span class='ocrx_word' id='word_1_204' title='bbox 710 2778 877 2836; x_wconf 85' lang='lat' dir='ltr'>examinata</span> <span class='ocrx_word' id='word_1_205' title='bbox 907 2777 953 2836; x_wconf 86' lang='lat' dir='ltr'>vel</span> <span class='ocrx_word' id='word_1_206' title='bbox 985 2777 1099 2837; x_wconf 87' lang='lat' dir='ltr'>selectis</span> <span class='ocrx_word' id='word_1_207' title='bbox 1129 2779 1278 2837; x_wconf 91' lang='lat' dir='ltr'>doctorum</span> <span class='ocrx_word' id='word_1_208' title='bbox 1308 2781 1437 2840; x_wconf 89' lang='lat' dir='ltr'>virorum</span> 
     </span>
     <span class='ocr_line' id='line_1_25' title="bbox 223 2880 1437 2960; baseline 0.001 -18"><span class='ocrx_word' id='word_1_209' title='bbox 223 2881 483 2942; x_wconf 89' lang='lat' dir='ltr'>emendationibus.</span> <span class='ocrx_word' id='word_1_210' title='bbox 524 2880 564 2937; x_wconf 86' lang='lat' dir='ltr'>Et</span> <span class='ocrx_word' id='word_1_211' title='bbox 585 2881 638 2938; x_wconf 91' lang='lat' dir='ltr'>has</span> <span class='ocrx_word' id='word_1_212' title='bbox 662 2880 779 2956; x_wconf 91' lang='lat' dir='ltr'>quidem</span> <span class='ocrx_word' id='word_1_213' title='bbox 805 2880 923 2938; x_wconf 90' lang='lat' dir='ltr'>minime</span> <span class='ocrx_word' id='word_1_214' title='bbox 953 2881 1074 2939; x_wconf 89' lang='lat' dir='ltr'>adfirmo</span> <span class='ocrx_word' id='word_1_215' title='bbox 1104 2899 1202 2940; x_wconf 92' lang='lat' dir='ltr'>omnes</span> <span class='ocrx_word' id='word_1_216' title='bbox 1231 2901 1277 2940; x_wconf 89' lang='lat' dir='ltr'>me</span> <span class='ocrx_word' id='word_1_217' title='bbox 1307 2884 1437 2960; x_wconf 83' lang='lat' dir='ltr'>cognitas</span> 
     </span>
     <span class='ocr_line' id='line_1_26' title="bbox 224 2982 1438 3062; baseline 0.001 -18"><span class='ocrx_word' id='word_1_218' title='bbox 224 2986 373 3057; x_wconf 87' lang='lat' dir='ltr'>habuisse,</span> <span class='ocrx_word' id='word_1_219' title='bbox 394 2983 444 3042; x_wconf 90' lang='lat' dir='ltr'>sed</span> <span class='ocrx_word' id='word_1_220' title='bbox 465 2983 544 3058; x_wconf 92' lang='lat' dir='ltr'>quod</span> <span class='ocrx_word' id='word_1_221' title='bbox 564 3002 670 3059; x_wconf 87' lang='lat' dir='ltr'>paucas</span> <span class='ocrx_word' id='word_1_222' title='bbox 691 2983 850 3041; x_wconf 87' lang='lat' dir='ltr'>memorari</span> <span class='ocrx_word' id='word_1_223' title='bbox 870 2982 936 3040; x_wconf 91' lang='lat' dir='ltr'>hinc</span> <span class='ocrx_word' id='word_1_224' title='bbox 956 2983 1045 3040; x_wconf 93' lang='lat' dir='ltr'>nolim</span> <span class='ocrx_word' id='word_1_225' title='bbox 1065 2984 1192 3059; x_wconf 88' lang='lat' dir='ltr'>reliquas</span> <span class='ocrx_word' id='word_1_226' title='bbox 1217 3003 1264 3042; x_wconf 90' lang='lat' dir='ltr'>me</span> <span class='ocrx_word' id='word_1_227' title='bbox 1288 2984 1438 3062; x_wconf 80' lang='lat' dir='ltr'>ignorasse</span> 
     </span>
     <span class='ocr_line' id='line_1_27' title="bbox 221 3084 1437 3166; baseline 0 -19"><span class='ocrx_word' id='word_1_228' title='bbox 221 3089 397 3163; x_wconf 85' lang='lat' dir='ltr'>conligatur;</span> <span class='ocrx_word' id='word_1_229' title='bbox 431 3085 614 3161; x_wconf 87' lang='lat' dir='ltr'>praetermisi</span> <span class='ocrx_word' id='word_1_230' title='bbox 639 3085 716 3143; x_wconf 90' lang='lat' dir='ltr'>enim</span> <span class='ocrx_word' id='word_1_231' title='bbox 741 3085 886 3161; x_wconf 91' lang='lat' dir='ltr'>quidquid</span> <span class='ocrx_word' id='word_1_232' title='bbox 916 3084 1059 3143; x_wconf 87' lang='lat' dir='ltr'>inutiliter</span> <span class='ocrx_word' id='word_1_233' title='bbox 1087 3095 1136 3143; x_wconf 91' lang='lat' dir='ltr'>aut</span> <span class='ocrx_word' id='word_1_234' title='bbox 1163 3086 1237 3145; x_wconf 80' lang='lat' dir='ltr'>salso</span> <span class='ocrx_word' id='word_1_235' title='bbox 1257 3088 1437 3166; x_wconf 88' lang='lat' dir='ltr'>disputatum</span> 
     </span>
     <span class='ocr_line' id='line_1_28' title="bbox 223 3187 1436 3268; baseline 0 -18"><span class='ocrx_word' id='word_1_236' title='bbox 223 3191 267 3251; x_wconf 85' lang='lat' dir='ltr'>vel</span> <span class='ocrx_word' id='word_1_237' title='bbox 289 3190 449 3249; x_wconf 90' lang='lat' dir='ltr'>coniectum</span> <span class='ocrx_word' id='word_1_238' title='bbox 469 3187 662 3246; x_wconf 87' lang='lat' dir='ltr'>demonstrari</span> <span class='ocrx_word' id='word_1_239' title='bbox 682 3198 804 3264; x_wconf 90' lang='lat' dir='ltr'>poterat,</span> <span class='ocrx_word' id='word_1_240' title='bbox 825 3207 861 3245; x_wconf 91' lang='lat' dir='ltr'>ne</span> <span class='ocrx_word' id='word_1_241' title='bbox 881 3206 969 3263; x_wconf 92' lang='lat' dir='ltr'>supra</span> <span class='ocrx_word' id='word_1_242' title='bbox 995 3188 1113 3246; x_wconf 90' lang='lat' dir='ltr'>modum</span> <span class='ocrx_word' id='word_1_243' title='bbox 1139 3188 1208 3247; x_wconf 90' lang='lat' dir='ltr'>libri</span> <span class='ocrx_word' id='word_1_244' title='bbox 1234 3190 1325 3249; x_wconf 88' lang='lat' dir='ltr'>moles</span> <span class='ocrx_word' id='word_1_245' title='bbox 1350 3211 1436 3268; x_wconf 87' lang='lat' dir='ltr'>auge·</span> 
     </span>
     <span class='ocr_line' id='line_1_29' title="bbox 222 3289 1437 3370; baseline 0.001 -18"><span class='ocrx_word' id='word_1_246' title='bbox 222 3301 303 3352; x_wconf 89' lang='lat' dir='ltr'>retur</span> <span class='ocrx_word' id='word_1_247' title='bbox 323 3311 395 3351; x_wconf 85' lang='lat' dir='ltr'>neve</span> <span class='ocrx_word' id='word_1_248' title='bbox 416 3289 601 3366; x_wconf 90' lang='lat' dir='ltr'>vituperandi</span> <span class='ocrx_word' id='word_1_249' title='bbox 622 3300 718 3348; x_wconf 86' lang='lat' dir='ltr'>essent</span> <span class='ocrx_word' id='word_1_250' title='bbox 738 3309 811 3367; x_wconf 88' lang='lat' dir='ltr'>quos</span> <span class='ocrx_word' id='word_1_251' title='bbox 831 3301 882 3348; x_wconf 88' lang='lat' dir='ltr'>aut</span> <span class='ocrx_word' id='word_1_252' title='bbox 901 3290 1022 3349; x_wconf 89' lang='lat' dir='ltr'>laudare</span> <span class='ocrx_word' id='word_1_253' title='bbox 1041 3290 1160 3349; x_wconf 91' lang='lat' dir='ltr'>mallem</span> <span class='ocrx_word' id='word_1_254' title='bbox 1180 3301 1231 3349; x_wconf 90' lang='lat' dir='ltr'>aut</span> <span class='ocrx_word' id='word_1_255' title='bbox 1244 3312 1280 3350; x_wconf 90' lang='lat' dir='ltr'>ue</span> <span class='ocrx_word' id='word_1_256' title='bbox 1293 3294 1437 3370; x_wconf 88' lang='lat' dir='ltr'>vituperio</span> 
     </span>
     <span class='ocr_line' id='line_1_30' title="bbox 222 3392 1438 3474; baseline 0.002 -19"><span class='ocrx_word' id='word_1_257' title='bbox 222 3398 337 3474; x_wconf 91' lang='lat' dir='ltr'>quidem</span> <span class='ocrx_word' id='word_1_258' title='bbox 371 3395 477 3471; x_wconf 91' lang='lat' dir='ltr'>dignos</span> <span class='ocrx_word' id='word_1_259' title='bbox 507 3401 649 3469; x_wconf 90' lang='lat' dir='ltr'>putarem.</span> <span class='ocrx_word' id='word_1_260' title='bbox 689 3393 808 3453; x_wconf 90' lang='lat' dir='ltr'>Praeter</span> <span class='ocrx_word' id='word_1_261' title='bbox 827 3393 1006 3452; x_wconf 88' lang='lat' dir='ltr'>Boeckhium</span> <span class='ocrx_word' id='word_1_262' title='bbox 1037 3403 1065 3452; x_wconf 88' lang='lat' dir='ltr'>et</span> <span class='ocrx_word' id='word_1_263' title='bbox 1085 3392 1302 3455; x_wconf 86' lang='lat' dir='ltr'>Kirchhoffium</span> <span class='ocrx_word' id='word_1_264' title='bbox 1331 3398 1438 3474; x_wconf 90' lang='lat' dir='ltr'>quibus</span> 
     </span>
     <span class='ocr_line' id='line_1_31' title="bbox 223 3495 1437 3578; baseline 0.002 -21"><span class='ocrx_word' id='word_1_265' title='bbox 223 3499 358 3576; x_wconf 91' lang='lat' dir='ltr'>equidem</span> <span class='ocrx_word' id='word_1_266' title='bbox 380 3495 533 3554; x_wconf 90' lang='lat' dir='ltr'>laudandis</span> <span class='ocrx_word' id='word_1_267' title='bbox 554 3514 612 3553; x_wconf 89' lang='lat' dir='ltr'>non</span> <span class='ocrx_word' id='word_1_268' title='bbox 633 3516 686 3573; x_wconf 88' lang='lat' dir='ltr'>par</span> <span class='ocrx_word' id='word_1_269' title='bbox 700 3515 765 3556; x_wconf 89' lang='lat' dir='ltr'>sum</span> <span class='ocrx_word' id='word_1_270' title='bbox 777 3496 937 3555; x_wconf 83' lang='lat' dir='ltr'>felicissimi</span> <span class='ocrx_word' id='word_1_271' title='bbox 951 3497 1190 3574; x_wconf 88' lang='lat' dir='ltr'>epigrammatum</span> <span class='ocrx_word' id='word_1_272' title='bbox 1206 3499 1336 3559; x_wconf 87' lang='lat' dir='ltr'>vindices</span> <span class='ocrx_word' id='word_1_273' title='bbox 1351 3511 1437 3578; x_wconf 88' lang='lat' dir='ltr'>atque</span> 
     </span>
     <span class='ocr_line' id='line_1_32' title="bbox 226 3597 1437 3676; baseline 0.003 -16"><span class='ocrx_word' id='word_1_274' title='bbox 226 3601 428 3660; x_wconf 86' lang='lat' dir='ltr'>emendatores</span> <span class='ocrx_word' id='word_1_275' title='bbox 449 3598 606 3655; x_wconf 84' lang='lat' dir='ltr'>extiterunt</span> <span class='ocrx_word' id='word_1_276' title='bbox 627 3598 792 3656; x_wconf 86' lang='lat' dir='ltr'>Fridericus</span> <span class='ocrx_word' id='word_1_277' title='bbox 809 3598 916 3657; x_wconf 80' lang='lat' dir='ltr'>Jacobs</span> <span class='ocrx_word' id='word_1_278' title='bbox 937 3603 966 3656; x_wconf 89' lang='lat' dir='ltr'>et</span> <span class='ocrx_word' id='word_1_279' title='bbox 986 3597 1170 3658; x_wconf 85' lang='lat' dir='ltr'>Godofredus</span> <span class='ocrx_word' id='word_1_280' title='bbox 1181 3599 1341 3676; x_wconf 89' lang='lat' dir='ltr'>Hermann,</span> <span class='ocrx_word' id='word_1_281' title='bbox 1362 3603 1437 3663; x_wconf 86' lang='lat' dir='ltr'>alter</span> 
     </span>
     <span class='ocr_line' id='line_1_33' title="bbox 222 3699 1437 3781; baseline 0.004 -20"><span class='ocrx_word' id='word_1_282' title='bbox 222 3703 323 3761; x_wconf 92' lang='lat' dir='ltr'>horum</span> <span class='ocrx_word' id='word_1_283' title='bbox 336 3701 497 3759; x_wconf 91' lang='lat' dir='ltr'>studiorum</span> <span class='ocrx_word' id='word_1_284' title='bbox 511 3700 629 3758; x_wconf 89' lang='lat' dir='ltr'>omnino</span> <span class='ocrx_word' id='word_1_285' title='bbox 641 3699 785 3776; x_wconf 86' lang='lat' dir='ltr'>princeps,</span> <span class='ocrx_word' id='word_1_286' title='bbox 796 3700 869 3759; x_wconf 88' lang='lat' dir='ltr'>alter</span> <span class='ocrx_word' id='word_1_287' title='bbox 882 3700 936 3760; x_wconf 91' lang='lat' dir='ltr'>hoe</span> <span class='ocrx_word' id='word_1_288' title='bbox 945 3702 1130 3777; x_wconf 87' lang='lat' dir='ltr'>potissimum</span> <span class='ocrx_word' id='word_1_289' title='bbox 1142 3703 1258 3763; x_wconf 91' lang='lat' dir='ltr'>nomine</span> <span class='ocrx_word' id='word_1_290' title='bbox 1268 3706 1437 3781; x_wconf 87' lang='lat' dir='ltr'>praeclarus</span> 
     </span>
     <span class='ocr_line' id='line_1_34' title="bbox 224 3803 1437 3884; baseline 0.003 -22"><span class='ocrx_word' id='word_1_291' title='bbox 224 3806 304 3881; x_wconf 90' lang='lat' dir='ltr'>quod</span> <span class='ocrx_word' id='word_1_292' title='bbox 325 3803 381 3862; x_wconf 87' lang='lat' dir='ltr'>etsi</span> <span class='ocrx_word' id='word_1_293' title='bbox 402 3822 460 3861; x_wconf 92' lang='lat' dir='ltr'>non</span> <span class='ocrx_word' id='word_1_294' title='bbox 482 3803 587 3879; x_wconf 87' lang='lat' dir='ltr'>ubique</span> <span class='ocrx_word' id='word_1_295' title='bbox 608 3821 705 3860; x_wconf 90' lang='lat' dir='ltr'>verum</span> <span class='ocrx_word' id='word_1_296' title='bbox 727 3803 866 3879; x_wconf 89' lang='lat' dir='ltr'>reperiret</span> <span class='ocrx_word' id='word_1_297' title='bbox 890 3804 997 3880; x_wconf 91' lang='lat' dir='ltr'>ubique</span> <span class='ocrx_word' id='word_1_298' title='bbox 1022 3810 1120 3863; x_wconf 88' lang='lat' dir='ltr'>tamen</span> <span class='ocrx_word' id='word_1_299' title='bbox 1141 3805 1178 3864; x_wconf 88' lang='lat' dir='ltr'>ad</span> <span class='ocrx_word' id='word_1_300' title='bbox 1204 3824 1303 3864; x_wconf 83' lang='lat' dir='ltr'>rerum</span> <span class='ocrx_word' id='word_1_301' title='bbox 1329 3808 1437 3884; x_wconf 87' lang='lat' dir='ltr'>reperi·</span> 
     </span>
     <span class='ocr_line' id='line_1_35' title="bbox 223 3905 1438 3984; baseline 0.002 -18"><span class='ocrx_word' id='word_1_302' title='bbox 223 3908 328 3966; x_wconf 92' lang='lat' dir='ltr'>endum</span> <span class='ocrx_word' id='word_1_303' title='bbox 348 3907 423 3964; x_wconf 83' lang='lat' dir='ltr'>riam</span> <span class='ocrx_word' id='word_1_304' title='bbox 446 3915 628 3964; x_wconf 89' lang='lat' dir='ltr'>monstraret.</span> <span class='ocrx_word' id='word_1_305' title='bbox 662 3905 807 3964; x_wconf 86' lang='lat' dir='ltr'>Privatim</span> <span class='ocrx_word' id='word_1_306' title='bbox 827 3914 943 3984; x_wconf 86' lang='lat' dir='ltr'>praeter</span> <span class='ocrx_word' id='word_1_307' title='bbox 964 3925 1015 3966; x_wconf 88' lang='lat' dir='ltr'>vos</span> <span class='ocrx_word' id='word_1_308' title='bbox 1035 3909 1126 3984; x_wconf 88' lang='lat' dir='ltr'>ipsos,</span> <span class='ocrx_word' id='word_1_309' title='bbox 1142 3909 1311 3967; x_wconf 88' lang='lat' dir='ltr'>Hermanue</span> <span class='ocrx_word' id='word_1_310' title='bbox 1325 3909 1438 3970; x_wconf 87' lang='lat' dir='ltr'>Vsener</span> 
     </span>
     <span class='ocr_line' id='line_1_36' title="bbox 223 4008 1437 4090; baseline 0.002 -22"><span class='ocrx_word' id='word_1_311' title='bbox 223 4021 252 4068; x_wconf 92' lang='lat' dir='ltr'>et</span> <span class='ocrx_word' id='word_1_312' title='bbox 272 4010 426 4068; x_wconf 83' lang='lat' dir='ltr'>Francisce</span> <span class='ocrx_word' id='word_1_313' title='bbox 447 4008 614 4082; x_wconf 91' lang='lat' dir='ltr'>Buecheler,</span> <span class='ocrx_word' id='word_1_314' title='bbox 636 4009 686 4084; x_wconf 88' lang='lat' dir='ltr'>qui</span> <span class='ocrx_word' id='word_1_315' title='bbox 711 4008 841 4067; x_wconf 89' lang='lat' dir='ltr'>haerenti</span> <span class='ocrx_word' id='word_1_316' title='bbox 868 4010 939 4068; x_wconf 94' lang='lat' dir='ltr'>mihi</span> <span class='ocrx_word' id='word_1_317' title='bbox 964 4029 1112 4087; x_wconf 91' lang='lat' dir='ltr'>nunquam</span> <span class='ocrx_word' id='word_1_318' title='bbox 1142 4013 1283 4071; x_wconf 82' lang='lat' dir='ltr'>auxilium</span> <span class='ocrx_word' id='word_1_319' title='bbox 1311 4012 1437 4090; x_wconf 88' lang='lat' dir='ltr'>denega-</span> 
     </span>
     <span class='ocr_line' id='line_1_37' title="bbox 224 4113 1437 4188; baseline 0.003 -19"><span class='ocrx_word' id='word_1_320' title='bbox 224 4113 321 4184; x_wconf 88' lang='lat' dir='ltr'>vistis,</span> <span class='ocrx_word' id='word_1_321' title='bbox 357 4130 444 4169; x_wconf 90' lang='lat' dir='ltr'>nuum</span> <span class='ocrx_word' id='word_1_322' title='bbox 477 4121 597 4169; x_wconf 90' lang='lat' dir='ltr'>nanctus</span> <span class='ocrx_word' id='word_1_323' title='bbox 632 4130 696 4171; x_wconf 89' lang='lat' dir='ltr'>sum</span> <span class='ocrx_word' id='word_1_324' title='bbox 729 4113 826 4188; x_wconf 88' lang='lat' dir='ltr'>operis</span> <span class='ocrx_word' id='word_1_325' title='bbox 859 4123 1008 4188; x_wconf 90' lang='lat' dir='ltr'>tamquam</span> <span class='ocrx_word' id='word_1_326' title='bbox 1047 4115 1158 4172; x_wconf 88' lang='lat' dir='ltr'>socium</span> <span class='ocrx_word' id='word_1_327' title='bbox 1192 4114 1365 4173; x_wconf 85' lang='lat' dir='ltr'>Vdalricum</span> <span class='ocrx_word' id='word_1_328' title='bbox 1400 4116 1437 4174; x_wconf 91' lang='lat' dir='ltr'>de</span> 
     </span>
     <span class='ocr_line' id='line_1_38' title="bbox 224 4213 1437 4297; baseline 0.001 -22"><span class='ocrx_word' id='word_1_329' title='bbox 224 4213 427 4287; x_wconf 83' lang='lat' dir='ltr'>Wilatuowitz,</span> <span class='ocrx_word' id='word_1_330' title='bbox 449 4214 497 4291; x_wconf 88' lang='lat' dir='ltr'>qui</span> <span class='ocrx_word' id='word_1_331' title='bbox 520 4224 549 4270; x_wconf 90' lang='lat' dir='ltr'>et</span> <span class='ocrx_word' id='word_1_332' title='bbox 569 4214 785 4292; x_wconf 86' lang='lat' dir='ltr'>interpretando</span> <span class='ocrx_word' id='word_1_333' title='bbox 806 4222 836 4274; x_wconf 93' lang='lat' dir='ltr'>et</span> <span class='ocrx_word' id='word_1_334' title='bbox 849 4216 1028 4275; x_wconf 88' lang='lat' dir='ltr'>emendando</span> <span class='ocrx_word' id='word_1_335' title='bbox 1049 4217 1119 4297; x_wconf 90' lang='lat' dir='ltr'>quid</span> <span class='ocrx_word' id='word_1_336' title='bbox 1139 4217 1267 4297; x_wconf 89' lang='lat' dir='ltr'>potuerit</span> <span class='ocrx_word' id='word_1_337' title='bbox 1287 4223 1437 4294; x_wconf 86' lang='lat' dir='ltr'>praestare</span> 
     </span>
    </p>
   </div>
   <div class='ocr_carea' id='block_1_5' title="bbox 0 0 1662 5152">
    <p class='ocr_par' dir='ltr' id='par_1_5' title="bbox 0 0 1662 5152">
     <span class='ocr_line' id='line_1_39' title="bbox 0 0 1662 5152; baseline 0 0"><span class='ocrx_word' id='word_1_338' title='bbox 0 0 1662 5152; x_wconf 95' lang='lat' dir='ltr'> </span> 
     </span>
    </p>
   </div>
  </div>
 </body>
</html>
