3292 5152
215 400 256 464 28
630 399 826 469 Epigrammata
843 400 1008 468 sepulcralia.

214 579 259 627 est
284 570 377 628 lectio.
419 556 530 648 τρίτους
557 592 642 648 ομιτς
670 570 1046 631 ..ual.Cuman.am1ar:
1069 616 1075 629 .
1102 572 1292 650 aurl‘.ego.
1328 573 1428 631 ‘Mani-
1508 552 1514 559 .

215 664 320 721 festum
344 683 379 721 ex
401 664 556 741 participio
576 660 681 742 ἔχουσα
701 684 727 725 r.
743 665 775 737 2,
801 666 956 723 secundam
977 684 1129 742 personam
1151 684 1215 724 esse
1235 666 1357 725 formam
1377 689 1428 725 κο-

215 746 326 830 taleni,
357 758 432 817 unde
464 778 567 816 nomen
599 758 749 834 proprium
782 760 915 817 vocativo
944 779 1012 817 casu
1042 759 1167 835 positum
1197 778 1262 817 esse
1291 759 1429 835 sequitur.

215 850 279 910 Non
310 852 375 909 novi
407 851 540 927 equidem
560 843 665 910 Ἴοσσο
692 872 811 926 nomen,
841 862 871 909 at
897 855 1038 912 traditum
1062 853 1186 914 ridetur.
1234 854 1361 913 Gravius
1386 864 1431 913 est

215 945 292 1020 quod
319 945 347 1004 θ’
369 945 493 1015 inserui;
518 947 634 1005 videant
659 947 749 1024 periti.
773 982 810 990 -
831 949 848 1005 4
869 949 984 1007 defendi
1004 948 1127 1007 fortasse
1147 957 1242 1025 potest
1261 948 1336 1024 quod
1357 948 1428 1006 olim

214 1032 381 1101 coniecisti
400 1027 493 1114 ζίσοις
514 1039 638 1118 &paphon
660 1065 680 1098 ν.

214 1214 267 1274 85.
309 1216 342 1276 In
365 1219 442 1278 urbe.
485 1205 605 1278 (lumen.
627 1221 712 1278 3500.

341 1364 445 1404 nomen
465 1348 617 1406 defunctae
640 1343 710 1433 καὶ]
733 1345 834 1431 μητρί
858 1344 959 1431 φίλης
982 1346 1038 1410 καὶ
1062 1345 1164 1430 πατρί
1189 1349 1367 1433 [nederwic

417 1444 554 1534 nepote
575 1444 699 1528 τύμβον
721 1442 802 1533 ὁρᾶν
823 1442 918 1510 τόνδε
942 1444 1134 1535 ττρό[ςελι(λε,
1159 1447 1248 1529 φίλε.

343 1538 466 1632 ἤσκουν
487 1545 547 1630 μὲν
569 1547 606 1611 τὸ
630 1547 760 1613 δίκαιον
783 1542 983 1635 diripentium
1005 1573 1039 1612 τε
1061 1547 1099 1610 τὸ
1123 1544 1235 1625 καλόν,

418 1644 451 1712 ἐν
469 1652 527 1711 τῶι
553 1651 581 1712 δ’
605 1646 775 1714 ἐκτελέσαι
799 1647 977 1736 λείττομα[ι
1000 1643 1040 1714 οὐ
1063 1651 1105 1713 dc'
1130 1648 1200 1728 ἐμέ.

341 1754 444 1835 μοῖρα
466 1748 529 1835 γὰρ
552 1742 612 1814 οὔκ
635 1746 732 1826 ei‘oo',
757 1744 889 1837 ἕστησ[ε
913 1750 949 1816 δὲ
971 1749 1076 1837 τέρμα
1099 1746 1276 1816 aetertern-

418 1848 452 1915 ἐν
473 1847 639 1937 τριάκοντ’
663 1846 768 1915 ἔτεσιν
791 1847 974 1939 spiriteum
997 1845 1180 1935 ὠκύμορος.

294 1989 442 2064 Supplevi,
468 1990 523 2047 nisi
544 1990 620 2064 quod
642 1988 826 2047 Cumanudes
847 1990 906 2047 mi
928 1980 1020 2058 τοιώίς
1041 2000 1069 2048 et
1089 1990 1148 2048 v.3
1170 1979 1329 2066 ἒμιμαίμην
1348 2007 1432 2063 prae·

218 2083 280 2140 ivit.
302 2117 337 2126 -
360 2083 377 2140 λ
397 2105 455 2142 non
476 2102 564 2141 ausus
585 2102 647 2142 sum
669 2083 793 2141 scribere
814 2073 939 2161 τρίβετε
960 2072 1040 2143 rre'dc.
1054 2119 1091 2127 -
1106 2086 1123 2142 3
1139 2084 1235 2142 nescio
1250 2082 1298 2140 ubi
1311 2082 1432 2159 legerim

216 2195 329 2234 versum
352 2177 510 2238 Sotadeum
531 2181 621 2256 μιμοῦ
641 2167 671 2236 ri
694 2167 777 2236 ualde
797 2168 843 2235 καὶ
859 2178 947 2257 μενεῖς
961 2178 987 2238 ὲν
1003 2176 1108 2258 βροτοῖς
1128 2169 1244 2254 ίμστος.
1259 2211 1294 2219 -
1310 2176 1328 2233 6
1342 2195 1431 2251 asyn-

216 2273 302 2331 deton
323 2274 396 2331 bene
415 2273 510 2332 habet.

216 2450 271 2508 86.
323 2451 393 2510 Loci
424 2451 540 2522 incerti,
571 2452 621 2508 sed
652 2451 705 2508 fuit
734 2452 810 2510 inter
838 2451 934 2530 Elgini
965 2471 1118 2511 marmora.
1168 2448 1301 2507 Perianis
1330 2448 1434 2506 adiecit

216 2543 335 2601 Bocckh
361 2561 517 2622 propterca
536 2545 613 2620 quod
634 2543 751 2602 Pariani
773 2548 992 2605 nominarentur
1009 2546 1178 2622 Diitrephes
1199 2553 1227 2601 et
1245 2541 1430 2618 Demophon.

216 2639 255 2694 At
286 2637 340 2696 hoc
370 2640 464 2714 ipsum
491 2648 536 2697 est
559 2658 608 2697 our
634 2638 789 2697 Parienum
814 2640 930 2699 titulum
956 2659 1020 2700 esse
1045 2659 1161 2716 negem,
1187 2647 1216 2695 ct
1235 2650 1432 2713 exspectarem

216 2751 286 2789 sane
316 2730 406 2812 μοίρην
436 2754 491 2810 pro
520 2732 617 2812 μοῖραν
647 2735 712 2790 τ.4
738 2745 769 2792 ut
793 2736 822 2795 in
849 2736 919 2794 urbe
945 2756 962 2793 a
986 2734 1108 2814 Milesiis
1133 2741 1162 2790 et
1185 2729 1280 2788 Pariis
1304 2729 1431 2787 condita.

218 2826 338 2883 Videtur
357 2837 449 2886 mater
469 2847 533 2885 cum
554 2826 623 2886 filiis
639 2828 768 2888 Athenas
789 2829 1021 2906 transmigrasse.
1044 2857 1077 2870 —
1094 2827 1126 2886 C.
1141 2826 1163 2887 l.
1186 2825 1269 2883 3648.
1301 2822 1430 2882 (lumen.

216 2919 290 2978 2707
312 2941 370 2978 non
390 2922 542 2998 integrum.

368 3028 555 3117 Διιτρέφης
578 3031 709 3097 Ζωίλου
732 3030 906 3119 Παριηνὸς
927 3025 1144 3117 στρατιώτης.

368 3134 542 3218 Δημοφῶν
563 3132 800 3221 Μητροδώρου
822 3131 994 3220 Παριηνὸς
1015 3125 1231 3219 στρατιώτης.

370 3269 496 3354 Metina
518 3266 600 3356 φίλη
621 3266 730 3357 μήτηρ
752 3294 794 3352 με
817 3265 995 3353 Διιτρέφει
1017 3261 1131 3332 ἐνθάδ’
1156 3259 1279 3351 ἔθηκεν

419 3369 475 3435 καὶ
499 3371 659 3453 Περικλεῖ
681 3372 863 3456 φθιμένοιο
884 3366 1041 3455 Μητρίχη
1065 3363 1256 3452 αἰνόμορος·

363 3462 494 3557 Ἀγνηις
516 3474 543 3534 τ’
567 3467 689 3537 ἐνθάδε
713 3468 745 3535 οἱ
769 3471 922 3559 θοματηρ
945 3469 1002 3535 καὶ
1025 3465 1173 3554 ἀδελφὸς
1195 3461 1325 3548 ἔχουσιν

415 3577 538 3658 μοῖραν
561 3569 766 3659 Δημοφόων,
790 3576 850 3657 τῆς
869 3571 955 3652 με’τα
978 3573 1062 3635 ττᾶσι
1084 3572 1229 3657 βροτοῖς.

293 3708 323 3748 rr
344 3712 417 3751 saec
450 3708 471 3751 0
493 3712 546 3769 pro
567 3708 607 3751 or
629 3695 778 3771 scriptum.
793 3728 830 3736 -
846 3692 981 3751 Metriche
1001 3702 1093 3751 meter
1112 3690 1286 3765 Diitrephen
1306 3696 1336 3745 et
1348 3686 1431 3744 Peri·

216 3785 289 3843 clem
314 3806 330 3842 e
355 3787 454 3859 Zoilo,
480 3788 585 3846 deinde
611 3787 792 3863 Hagneidem
818 3793 848 3844 et
872 3787 1104 3862 Demophontem
1131 3807 1147 3844 e
1173 3783 1340 3843 Metrodoro
1366 3780 1429 3838 viro

216 3890 390 3956 susceperat.
432 3883 565 3941 Alterum
590 3889 688 3940 tamen
713 3879 858 3938 distichon
884 3879 1007 3938 fortasse
1032 3886 1099 3957 post
1118 3878 1220 3936 matris
1240 3886 1361 3935 mortem
1384 3873 1429 3930 in·

215 3973 369 4050 sculptum.

216 4149 268 4210 87.
309 4152 389 4211 Vari.
431 4153 551 4213 Cuman.
573 4154 657 4212 3153.

344 4265 471 4349 Μνῆμα
494 4259 723 4349 Μνησαγόρας
745 4266 801 4328 καὶ
826 4259 1035 4349 Νικοχώροος
1056 4259 1134 4327 τόδε
1157 4264 1276 4326 κεῖται·

342 4358 432 4430 crito)
454 4364 483 4428 d’
500 4357 539 4427 ori
562 4363 765 4454 παραδεῖξαι
787 4358 945 4454 ἀφείλετο
969 4363 1128 4451 δαίμονος
1150 4353 1241 4444 αἶσα,
