3262 5152
303 394 366 462 320
724 394 919 466 Epigrammata
934 394 1100 451 dedicatoria.

302 563 382 714 ἷζε.
414 564 449 623 ln
470 565 596 624 Achaiae
616 565 691 636 rico,
711 564 763 640 qui
782 560 797 638 ἡ
819 555 896 623 κάτω
913 555 1023 643 Ἀχαΐα
1044 574 1171 639 vocatur,
1193 566 1299 625 veteris
1312 564 1428 643 Dymae
1446 565 1518 626 locu

369 658 457 734 gabes
481 656 567 717 2218.

432 784 556 869 ΧαῖρεΊ
579 807 649 865 μοι,
675 782 862 871 κά(λ)λιστε
886 782 995 846 καλῶν
1016 778 1144 870 ἠιθέων
1167 782 1396 872 Πολύστρατε,

433 878 594 970 (italides
616 881 764 964 μάλιστα
787 883 919 948 πάντων
938 877 1098 968 Ἡρακλεῖ
1118 885 1277 969 τετιμένε,

431 975 469 1060 ‘dg
491 981 612 1068 πάλαι]
635 982 743 1070 ὀάμης
767 979 821 1047 r‘ur’
845 979 965 1069 αἰχμῆς
990 981 1137 1069 turpius
1160 986 1361 1063 Μαλινιόἇν,

429 1083 566 1170 πυκνὸν]
585 1077 755 1170 ’Λλκείόηι
778 1083 950 1170 κορύσσων
971 1078 1117 1166 οὐλαμὸν
1139 1082 1367 1172 παραστάτης,

430 1181 523 1270 ἔγχος
545 1181 680 1270 ὀξᾛννας
702 1180 859 1271 σιδήρσν[ι
880 1184 933 1270 τ]ὸ
955 1186 1035 1271 πρὶν
1056 1184 1296 1267 ἐσταμωμένσν.

431 1280 503 1349 ἀλλ’
528 1282 701 1372 ἔθνῃσκες·
725 1284 762 1349 ἐκ
785 1288 828 1371 d’]
853 1277 903 1372 ἄρ’
928 1278 1037 1351 ὅσσων
1060 1280 1100 1350 σύ
1124 1286 1233 1373 τιάρας
1255 1287 1461 1368 δεδευμένων

429 1382 590 1472 Ἡρακλεῖ
613 1387 777 1471 κατῆλ]3ε
801 1386 905 1474 δάκρυ
929 1388 984 1451 καὶ
1008 1386 1129 1474 yoqpriv
1150 1383 1252 1468 ἴαχεν,

431 1486 575 1569 χαλκέων
597 1484 713 1573 χαίτην
735 1490 763 1552 d'
788 1480 970 1574 inflentur
992 1486 1149 1566 τ’σκύθτξε
1172 1487 1347 1573 φασγάνων

381 1728 490 1785 Lucem
520 1725 604 1783 titulo
634 1726 783 1804 adspergit
807 1727 972 1786 Pausanias
998 1727 1056 1785 VII
1080 1728 1124 1799 17,
1148 1728 1166 1785 8
1200 1717 1289 1839 lllqrv
1323 1721 1353 1784 dl
1386 1717 1436 1806 τρο
1471 1729 1524 1786 τοῦ

307 1808 415 1889 ἄστεως
428 1820 487 1879 ἐστι
508 1843 562 1878 των
576 1813 742 1898 Δυμαίων’
730 1844 756 1878 εν
776 1816 906 1901 δὶξαῒ
871 1843 919 1896 της
938 1817 1003 1880 tter
1023 1811 1113 1900 τάφος
1132 1809 1317 1902 Σωστράτου·
1338 1809 1524 1900 μειραίνανδὲ

307 1943 336 1993 ην
356 1922 410 1976 τῶν
430 1909 591 1994 ἐπιχωρίων,
615 1915 746 1988 γενέσθαι
770 1910 854 1974 le
827 1915 1018 1994 Ηρακλένυς
1008 1903 1139 1997 ερυῖμενσν
1158 1922 1242 1993 φασιν
1262 1903 1356 1988 adrev,
1376 1907 1471 1989 aal’
1454 1937 1522 1975 arrr-

307 2010 397 2073 bareis
415 2001 469 2089 ’γνὶρ
494 2000 540 2068 τᾶν
564 1997 669 2090 Eric-tp
670 2032 733 2068 arou
751 2007 920 2087 Ηρακλέους
947 2002 1025 2069 ἔπ’
1009 2032 1082 2079 ουτος
1108 1999 1183 2088 μετὰ
1207 1997 1424 2088 tietpaldum*
1391 2031 1480 2078 ουτως
1501 2008 1524 2068 cl

306 2096 351 2167 riv
368 2095 559 2185 Hpautta'
526 2126 555 2163 το
577 2126 608 2162 τε
628 2107 726 2182 μνῆμα
747 2093 831 2163 αὐτὸν
852 2101 913 2164 εἶναι
934 2096 979 2163 τᾶν
1003 2126 1151 2177 urracam
1176 2096 1222 2163 καὶ
1243 2093 1373 2183 ἆταρχᾶς
1394 2093 1448 2162 tul
1468 2106 1525 2163 τῶν

307 2200 333 2259 ἒν
359 2223 390 2292 τη
417 2199 527 2312 κεφαλῇ
553 2201 651 2276 τριχῶν
671 2194 769 2258 δοῦναι.
809 2191 934 2277 ἐπίθημα
960 2194 989 2256 dt
1014 2190 1060 2256 acl
1080 2194 1115 2266 εἰς
1143 2196 1193 2276 ἐμὲ
1213 2195 1251 2258 tn
1271 2184 1359 2274 rrrilq
1379 2219 1411 2256 τε
1430 2189 1461 2271 ἦν
1481 2189 1524 2256 ent

306 2297 358 2353 τοῦ
381 2313 517 2372 χωματος
541 2284 588 2350 καὶ
610 2289 750 2370 Ἡρακλῆς
775 2291 992 2371 ἐπειργασμένος.
1033 2289 1142 2365 ἐλέγετο
1168 2288 1236 2351 δὲ
1217 2314 1253 2361 ως
1280 2291 1301 2351 ri
1323 2277 1457 2370 ἒπνχαῖρια
1476 2283 1524 2350 nal

308 2382 459 2461 ἐναγίζουσι
478 2410 518 2464 τῳ
505 2380 661 2464 Σρωττ’
638 2409 707 2466 ατῳ.
735 2386 818 2444 Haec
837 2387 908 2444 adeo
928 2406 991 2445 cum
1013 2385 1096 2444 titulo
1115 2388 1279 2445 consentire
1292 2384 1375 2443 rides
1394 2394 1427 2443 ut
1448 2403 1525 2461 quaa

308 2482 471 2556 discrepent
495 2487 545 2539 aut
564 2445 728 2538 Pausaniae
753 2481 863 2539 tribuas
889 2481 979 2538 errori
1004 2491 1055 2538 aut
1074 2498 1174 2537 eorum
1198 2501 1216 2538 a
1237 2481 1341 2557 quibus
1363 2478 1414 2537 ille
1435 2479 1524 2537 fando

308 2585 426 2651 accepta
438 2574 559 2634 rettulit.
587 2573 690 2650 Neque
704 2574 782 2632 enim
803 2575 829 2632 is
850 2580 894 2632 est
913 2574 1037 2649 scriptor
1049 2592 1135 2650 quem
1157 2575 1342 2648 Polystratum
1364 2584 1393 2631 et
1411 2572 1524 2632 Socra-

309 2682 364 2728 tum
395 2669 513 2727 nomina
541 2668 616 2726 inter
641 2687 673 2726 se
696 2668 860 2726 contudisse
885 2666 1051 2725 incredibile
1071 2667 1118 2740 sit,
1143 2687 1208 2726 cum
1227 2668 1401 2745 praesertim
1420 2667 1520 2744 paullo

309 2771 377 2840 post
387 2765 425 2838 (c.
447 2763 491 2835 17,
505 2764 553 2837 14)
581 2763 616 2818 de
637 2761 772 2822 Sostrato
782 2761 948 2820 Pellenensi
968 2759 1162 2838 olympionice
1181 2764 1357 2821 narrandum
1378 2762 1473 2836 fuerit,
1493 2774 1521 2820 et

308 2856 471 2935 Dymaeos,
492 2874 612 2932 quorum
634 2857 702 2914 urbs
723 2855 812 2913 variis
832 2863 995 2930 temporum
1010 2855 1261 2915 vicissitudinibus
1273 2864 1343 2932 post
1356 2860 1520 2934 Augustum

308 2951 338 3007 in
358 2949 456 3026 oppidi
477 2949 569 3009 vicive
588 2948 775 3026 exiguitatem
796 2948 913 3007 redacta
932 2955 1004 3022 erat,
1025 2969 1060 3007 ue
1074 2950 1155 3025 ipsos
1169 2951 1285 3026 quidem
1299 2952 1371 3009 satis
1384 2951 1443 3009 iam
1457 2970 1520 3009 rem

309 3043 489 3119 exploratam
509 3043 645 3101 habuisse
664 3043 757 3102 facilis
777 3052 820 3101 eet
839 3042 978 3119 suspicio:
1008 3041 1080 3101 illud
1105 3049 1181 3102 certe
1205 3063 1262 3102 non
1282 3045 1394 3103 videtur
1418 3064 1437 3102 a
1456 3043 1519 3120 Dy-

308 3138 400 3196 maeis
409 3137 573 3214 conperisse
583 3136 746 3197 Pausanias
755 3137 954 3213 Polystratum
964 3137 993 3194 in
1003 3136 1211 3195 Holinidarum
1219 3154 1318 3214 pugna
1326 3138 1520 3197 cecidisse.-

308 3230 439 3290 Litterae
465 3249 529 3288 cum
552 3232 756 3290 macedonicae
780 3250 867 3307 quam
890 3238 995 3288 vocant
1019 3231 1123 3288 aetatis
1148 3230 1220 3304 sint,
1244 3241 1311 3290 ante
1336 3251 1443 3290 annum
1463 3230 1520 3290 208

309 3327 435 3402 scriptus
455 3326 557 3384 titulus
576 3327 699 3400 ridetur,
721 3345 777 3402 quo
798 3325 912 3401 quidem
933 3343 1011 3382 auno
1030 3326 1100 3383 urbs
1121 3324 1206 3382 fidem
1226 3324 1364 3402 Philippo
1383 3325 1446 3403 regi
1460 3344 1519 3384 ser-

310 3427 407 3479 vatam
426 3419 622 3479 Romanorum
648 3420 759 3478 excidio
779 3419 888 3487 luebat,
916 3419 957 3477 eis
978 3425 1073 3476 autem
1094 3438 1168 3496 quae
1187 3420 1319 3496 proxime
1345 3419 1520 3478 anteoedunt

306 3514 486 3591 temporibus
506 3514 614 3573 crebris
633 3514 773 3572 Eleorum
788 3513 1014 3589 Aetolorumque
1038 3513 1249 3571 incursionibus
1268 3514 1441 3590 petebantur
1454 3512 1519 3589 Dy-

307 3609 381 3666 maei
401 3608 565 3684 frustraque
585 3612 707 3667 Aratum
728 3606 838 3664 auxilio
859 3609 1011 3680 vocabant,
1033 3607 1123 3665 donec
1143 3626 1169 3665 a
1181 3606 1237 3664 219
1251 3625 1316 3664 cum
1330 3606 1398 3666 Elei
1411 3605 1519 3665 Teicho

306 3701 427 3761 castello
452 3719 543 3778 prope
563 3702 678 3779 Dyman
699 3701 755 3759 sito
775 3709 863 3777 capto
883 3703 939 3760 iam
960 3702 1016 3779 ipsi
1038 3701 1099 3760 urbi
1125 3701 1305 3760 obsidionem
1328 3700 1520 3772 minarentur,

308 3795 553 3854 mercenariorum
573 3814 660 3852 manu
681 3802 782 3853 coacta
800 3793 937 3873 Philippo
951 3814 1017 3872 rege
1036 3795 1145 3853 auxilio
1166 3797 1298 3854 veniente
1336 3795 1436 3851 hostes
1455 3794 1519 3852 feli·

306 3891 376 3948 citer
400 3890 571 3967 fugaverunt
595 3907 737 3965 agrosque
762 3907 861 3946 eorum
886 3889 1006 3966 ingressi
1037 3896 1234 3948 vastaverunt.
1269 3882 1364 3947 'Hinc
1394 3888 1519 3946 fortasse

310 3985 463 4042 victoriam
489 3982 651 4059 Polystrati
672 4001 775 4057 operae
795 3983 960 4040 tribuebant
980 3983 1030 4058 qui
1052 3994 1082 4040 ut
1102 3984 1172 4041 olim
1191 3983 1328 4042 Herculis
1348 3982 1392 4040 ita
1411 3981 1518 4039 civium

307 4085 369 4137 tum
391 4064 570 4157 παραττᾶτης
590 4076 750 4147 extitisset;
780 4077 891 4153 gratias
911 4087 1006 4135 autem
1027 4076 1182 4135 reserentes
1203 4077 1281 4135 heroi
1301 4084 1415 4135 veteres
1435 4094 1518 4134 reno·

307 4173 416 4230 rabant
439 4173 562 4229 honores
586 4171 776 4245 restitutoque
801 4171 907 4229 sacello
932 4171 979 4229 diu
1005 4171 1135 4247 neglecto
1165 4169 1280 4227 titulum
1310 4169 1520 4246 inscripserunt

307 4264 337 4321 in
357 4266 399 4321 rei
420 4266 493 4323 bene
512 4270 611 4341 gestae
631 4264 813 4336 memoriam3
834 4284 918 4341 quem
939 4264 993 4322 etsi
1014 4265 1133 4323 mutilus
1151 4263 1188 4321 ad
1201 4281 1254 4321 nos
1267 4263 1400 4340 pervenit
1412 4260 1519 4338 (multo

309 4358 384 4417 enim
405 4358 520 4416 videtur
540 4356 664 4434 amplior
683 4358 797 4434 fuisse),
817 4359 886 4416 boni
905 4365 1002 4416 tamen
1024 4364 1127 4434 poetae
1147 4374 1212 4415 esse
1226 4356 1356 4433 adparet,
1377 4363 1518 4432 tantaque
