3262 5152
552 385 586 438 11.
616 384 768 437 rasurarum
787 372 913 439 sisarae.
1308 366 1348 448 93

208 556 352 616 Videntur
376 557 447 614 haec
471 555 508 614 od
535 553 679 631 Glyconis
704 552 886 632 epitaphium
915 551 1072 629 pertinere3
1104 571 1131 612 r.
1152 551 1189 610 32
1215 569 1273 609 non
1298 568 1348 608 ex·

128 651 228 727 peno.
263 639 530 778 lr'lffln‘z.

640 763 842 775 ...-

128 931 207 989 244.
248 930 345 1007 Prope
364 929 513 1007 Cyzicum.
541 928 719 1007 Anaglypho
740 927 843 987 mulier
859 912 967 986 sedens
988 944 1138 1006 expressa,
1158 925 1241 983 iuxta
1260 943 1348 1001 quam

129 1043 207 1099 quae
228 1024 322 1082 altera
342 1024 397 1083 luit
415 1042 541 1101 persona
561 1023 657 1101 periit
694 1023 730 1081 Ε.
752 1023 869 1084 Curtius
889 1022 953 1081 Act.
974 1022 1057 1085 acad.
1079 1020 1162 1078 heroi.
1183 1023 1247 1080 min.
1273 1020 1347 1078 1874

130 1138 157 1194 p.
174 1119 201 1174 5.

462 1239 676 1328 Μαιανδρίης
696 1244 757 1328 τῆς
779 1241 937 1322 Βακχίου.

221 1340 436 1428 Φερσεφόνα,
460 1340 499 1407 ιδ
521 1339 680 1428 φίλεργον
702 1335 900 1421 ἆσέσῑιασες
922 1335 1043 1426 ἀνδρὸς
1064 1334 1122 1405 ἀπ’
1146 1337 1250 1427 εὐνῆς,

300 1438 436 1531 όκριιον
458 1442 492 1519 ἐς
516 1441 660 1518 θνατοὺς
682 1437 815 1507 δλικιάν
838 1442 974 1524 θεμένα,

219 1542 390 1610 elnonem·
413 1547 456 1632 τᾷ
479 1538 602 1619 κάλλος
624 1536 779 1629 ἀφώρισε
804 1539 936 1627 Κύπρις
958 1541 992 1606 ἐν
1013 1536 1139 1618 ἀστοῖς.

304 1645 388 1711 ἀλλὰ
414 1641 502 1730 Τι’,χνγ
526 1643 676 1719 σκολιοῖς
698 1639 861 1728 δόγμασιν
884 1636 1047 1729 ἧνιίασεν·

151 1755 172 1817 5
218 1743 350 1811 οὕνεκεν
372 1741 571 1811 ἀλλοδαπὰν
596 1742 794 1831 Μαιανδριή
819 1735 924 1830 ἤλυθε
947 1751 1046 1831 γαῖαν

296 1839 391 1931 σἰνδρὶ
415 1839 660 1932 φιλοστόργους
682 1845 876 1926 δεικνυμένα
897 1843 1045 1933 χάριτας.

221 1944 298 2014 ἀνθ’
321 1935 365 2010 ὧν
386 1969 445 2026 μοι
467 1942 506 2008 τὸ
527 1949 641 2032 μνῆμα
663 1940 764 2021 πόσις
786 1941 911 2022 uriom,
935 1939 1037 2026 οὕνεχ’
1061 1943 1117 2027 ἅμ’
1141 1942 1245 2012 aluta

297 2045 440 2135 ἔκδημος
462 2042 602 2131 γενόμαν
623 2048 771 2129 πατρίδα
794 2045 989 2126 λειπομένα

227 2145 447 2234 Φερσεφόνας
469 2149 497 2211 δ’
521 2139 681 2211 σἰδιάυλον
705 2140 770 2210 int
793 2145 949 2232 στυγερὸν
972 2145 1076 2230 δόμον
1098 2140 1205 2235 ἦλθον

132 2262 174 2324 10
293 2244 493 2334 παυσιπόνιρ
516 2245 627 2322 λάθας
649 2245 838 2328 λουσαμένα
862 2243 998 2328 πόματι.

213 2390 342 2447 Litterae
372 2386 522 2463 vulgares,
544 2384 603 2441 iota
623 2383 708 2441 modo
728 2384 921 2461 adscriptum,
947 2385 1032 2444 modo
1051 2387 1191 2445 omissum
1198 2410 1207 2459 ς
1228 2390 1354 2449 notanda

131 2487 159 2544 si
190 2493 266 2541 recte
293 2481 401 2538 tradita
424 2490 470 2538 est
493 2497 521 2537 r.
548 2479 557 2533 l
589 2476 683 2533 forma
703 2473 872 2547 ιῖπέσκιισες.
913 2478 1054 2536 Doricam
1074 2479 1227 2541 dialectum
1248 2484 1352 2543 indicio

131 2599 198 2637 esse
223 2576 264 2633 ait
284 2575 415 2646 Curtius,
442 2592 478 2629 ex
506 2571 605 2630 dorica
624 2570 723 2646 aliqua
742 2571 857 2629 civitate
878 2571 1015 2648 Cyzicum
1037 2574 1236 2634 Maeandriam
1255 2584 1352 2636 trans·

132 2673 282 2748 migrasse.
324 2670 365 2725 At
391 2667 496 2724 mirum
522 2674 610 2733 esset,
636 2664 661 2721 si
686 2664 781 2740 ipsum
808 2665 936 2724 mulieris
961 2687 1064 2725 nomen
1084 2663 1236 2751 Μιιιινδρίη
1261 2671 1353 2729 ionice

133 2766 311 2842 scripsisset;
337 2762 435 2834 immo,
457 2767 488 2818 nt
509 2758 582 2817 solet
602 2758 683 2831 lieri,
708 2769 794 2833 poeta
814 2759 911 2818 aliena
931 2761 1054 2821 dialecto
1075 2783 1142 2822 usus
1162 2774 1224 2821 erat
1244 2765 1352 2839 dorica,

133 2862 285 2919 defunctae
300 2867 396 2918 tomen
419 2877 521 2916 nomen
543 2862 653 2909 mutare
680 2870 735 2909 non
757 2871 856 2923 ausus;
879 2853 1039 2929 lapidarius
1060 2859 1194 2935 indigena
1214 2860 1352 2935 pauculas

134 2957 179 3013 sui
200 2956 340 3013 somnis
368 2954 476 3011 formas
502 2946 666 3011 admiscuit.
691 2980 725 2989 -
752 2949 762 3002 l
787 2946 889 3004 melius
910 2948 1074 3025 scripsisset
1094 2946 1124 3010 ri
1139 2947 1275 3031 φίλεργον.

135 3234 212 3292 245.
258 3234 365 3310 cyzici.
406 3233 437 3294 c.
461 3235 483 3291 r.
505 3226 589 3291 soar.

415 3340 676 3428 Διονυσοδώρου
701 3341 850 3408 Πυθέου.

254 3469 284 3509 υ.
309 3440 559 3526 Διονυσόδωρε,
581 3449 686 3527 χαῖρε·
710 3447 741 3525 β.
765 3443 820 3507 καὶ
845 3439 885 3508 σι’)
908 3467 960 3530 γε,
984 3431 1010 3506 ιδ
1033 3440 1122 3522 φίλε,

309 3543 346 3607 ιδ
369 3547 424 3608 νῦν
441 3541 529 3629 efflue
551 3544 723 3629 yjet'amone‘
743 3568 785 3627 με
809 3532 874 3608 ὧδε
897 3545 1056 3624 κείμενον,

308 3645 409 3709 καλὸν
431 3646 487 3709 καὶ
511 3637 643 3729 ἀγαθὸν
669 3644 724 3708 καὶ
749 3645 859 3722 καλῶς
881 3640 1040 3726 ἐζωκόια.

307 3749 502 3831 Λιμναγενῆ
525 3741 699 3831 γεγονότα,
724 3747 806 3809 πᾶσι
832 3745 1028 3831 νιροςφιλμῖ.

215 3865 346 3923 Litterae
376 3866 520 3941 vulgares.
542 3900 578 3908 -
599 3865 616 3922 2
638 3881 768 3923 εκαιιειυ
799 3872 829 3923 et
858 3869 876 3924 4
906 3871 983 3944 orna
1017 3884 1088 3922 corr.
1120 3865 1249 3924 Boeckh.
1274 3900 1312 3909 —
1337 3869 1356 3925 4

137 3962 296 4034 Λιμναγενῆ
321 3960 401 4015 miris
427 3961 520 4017 modis
547 3960 729 4036 interpretati
766 3969 833 4017 sunt
863 3959 976 4017 ltoeclrh
1003 3968 1031 4015 et
1052 3959 1188 4018 Welcker·
1209 3961 1282 4018 Mna.
1303 3961 1356 4018 Κλ.

136 4051 177 4109 ΙΙΙ
207 4052 272 4109 248.
301 4039 460 4128 ltytva'ysmy'g
490 4053 515 4108 is
545 4064 589 4110 est
613 4053 664 4128 qui
689 4052 715 4109 ἐν
740 4045 847 4129 λίμναις
872 4052 973 4127 γέγονε.
996 4047 1099 4130 Λίμναι
1124 4064 1220 4112 aulem
1241 4054 1355 4112 colonia

136 4145 321 4202 Milesiorum
344 4145 439 4202 estin
460 4145 661 4204 Chersonneso
689 4147 754 4219 sita,
775 4147 824 4204 ubi
846 4148 871 4205 si
892 4166 984 4223 aeque
1004 4160 1091 4224 atque
1111 4148 1140 4206 in
1162 4144 1267 4226 λίμναις
1288 4149 1356 4206 atti·

136 4238 179 4295 cis
200 4238 350 4315 Dionysus
377 4239 509 4315 inprimis
530 4239 692 4313 colebatur,
718 4259 819 4299 revera
838 4240 965 4319 Dionysi
986 4241 1093 4300 donum
1113 4249 1177 4300 erat
1196 4241 1355 4301 defunctus.
