3262 5152
732 395 861 450 addenda.

357 551 437 630 Oion
459 558 666 645 ἐμαιώσαντο
690 558 763 626 νέον
784 557 884 626 τόκον
903 555 1096 624 Εἰλείθυιαι

437 662 473 728 ἐκ
501 659 652 746 Φλεγύου
674 656 797 747 κούρης
823 656 939 744 Φοίβῳ
962 652 1174 745 άκειρεκάμη,

351 757 444 831 τοῖόν
464 787 528 838 ani,
553 761 666 827 Παιάν
682 756 876 847 Ἀσκληπιέ,
901 762 972 824 σεῖο
998 755 1136 842 Βόηθος

265 870 305 933 10
430 861 541 948 χειρὸς
562 854 681 947 ἄγαλμ’
706 857 839 946 ἀγαθῆς
859 856 971 936 τεῦξεν
992 853 1065 935 ἑαῖς
1086 856 1265 942 πραπίσιν.

353 964 420 1051 νηη”
443 964 471 1026 d‘
495 961 528 1026 ἐν
549 963 634 1048 τῷδε
658 955 805 1046 ζωάγρια
828 961 933 1024 dinen
957 952 1107 1045 ὁρᾶσθαι

438 1048 584 1126 πολλάκι
606 1066 682 1140 σαῖς
702 1060 843 1142 βουλαῖς
863 1061 983 1124 νοῦσον
1009 1054 1211 1141 ἀλευάμενος

353 1159 412 1239 σὸς
434 1157 606 1247 θεράπων,
630 1156 725 1249 εὐχῆς
748 1153 861 1245 ὀλίγην
884 1153 987 1236 δόσιν,
1012 1146 1069 1223 οἷο
1090 1162 1224 1225 θεοῖσιν

437 1263 554 1347 ανδρες
575 1260 755 1348 ἐφημέριοι
776 1259 879 1323 τῶνδε
902 1258 1043 1345 φέρουσι
1065 1254 1170 1346 χάριν.

287 1417 311 1458 11
330 1419 360 1478 p.
380 1398 449 1457 Chr.
469 1418 496 1455 n.
518 1397 632 1455 saeculo
652 1417 709 1454 non
731 1396 876 1471 antiquior
888 1395 1000 1455 titulus.
1020 1428 1058 1438 -
1077 1393 1234 1454 Dedicavit
1247 1392 1430 1453 Nicomedes

206 1494 337 1554 medicus
351 1492 380 1548 in
395 1491 494 1549 nescio
509 1509 567 1565 quo
581 1492 690 1566 templo
704 1489 869 1565 Aesculapii
883 1488 1003 1546 infantis
1022 1494 1158 1561 statuam,
1177 1505 1266 1564 quam
1279 1486 1430 1547 Boethum

205 1585 307 1644 fecisse
321 1583 599 1659 Carthaginiensem,
619 1583 745 1641 nobilem
766 1584 893 1640 incertae
913 1580 1020 1639 aetatis
1040 1581 1180 1639 artificem
1199 1582 1262 1639 sivo
1280 1581 1348 1657 ipse
1364 1598 1429 1639 cro·

207 1678 292 1735 debat
312 1676 373 1734 sive
396 1676 567 1752 persuadere
592 1677 682 1734 voluit
702 1674 880 1745 hominibus;
906 1692 973 1730 nam
1000 1693 1067 1732 vero
1090 1673 1179 1733 fuisse
1198 1672 1305 1731 Boethi
1332 1682 1429 1732 artem

207 1788 293 1847 aegre
313 1769 477 1828 cediderim.
500 1804 534 1811 —
560 1771 571 1824 l
595 1786 710 1826 versum
735 1768 883 1827 horridum
904 1786 923 1824 a
947 1774 1035 1843 poeta
1058 1767 1269 1844 elegantissimo
1295 1776 1326 1824 et
1348 1765 1430 1842 pori·

205 1863 318 1922 tissimo
332 1862 372 1922 sic
390 1862 525 1937 scriptum
546 1878 609 1918 esse
629 1879 715 1937 nego;
735 1860 850 1936 scripsit
870 1860 967 1935 potius
988 1849 1080 1928 nitidis
1100 1852 1252 1919 καλλίσταν
1270 1848 1324 1918 τάν
1338 1848 1430 1917 εἶκίνα

205 1945 287 2014 τάνδε
310 1952 381 2015 decio
407 1954 453 2012 vel
482 1953 621 2012 similiter.
643 1988 678 1997 —
700 1954 717 2012 2
739 1944 842 2032 ματρίς
869 1949 917 2011 ἀπ’
943 1940 1086 2032 ιἰρτιτίιιου
1106 1954 1142 2013 ci.
1162 1972 1190 2010 v.
1211 1952 1228 2009 7
1253 1950 1309 2011 νέον
1334 1938 1427 2011 τίκα.

210 2082 245 2092 -
267 2049 285 2106 5
304 2048 479 2122 diremptum
501 2067 536 2105 ex
558 2046 716 2107 Simonidis
742 2047 866 2105 aliorum
887 2046 1048 2104 imitatione
1068 2065 1173 2105 nomen
1193 2046 1322 2104 numeris
1341 2044 1429 2103 inho·

209 2141 266 2199 hile
286 2158 379 2216 neque
399 2146 432 2197 ut
449 2139 658 2215 Hephaestioni
678 2133 820 2213 ἐπίληπτον
840 2139 907 2197 huic
927 2146 1031 2214 poetae
1051 2139 1202 2198 videbatur
1221 2146 1252 2197 st
1270 2138 1301 2197 in
1322 2138 1432 2215 primis

210 2233 303 2291 cultae
323 2233 396 2291 artis
419 2232 633 2304 documentum3
654 2233 758 2290 vitavit
777 2239 874 2290 tamen
896 2251 968 2291 sano
988 2231 1093 2290 iudicio
1113 2232 1143 2289 in
1169 2231 1262 2290 altero
1282 2232 1432 2309 epigram·

209 2335 294 2383 mate.
335 2323 527 2383 Nicomedem
548 2327 596 2401 qui
618 2326 747 2384 lacohsio
767 2328 839 2385 duce
859 2327 983 2384 eundem
1003 2343 1066 2383 esse
1087 2324 1254 2383 existimant
1266 2324 1350 2383 cuius
1364 2324 1432 2401 epi-

212 2418 343 2495 taphium
364 2437 452 2494 supra
471 2439 498 2476 n.
521 2419 577 2478 595
598 2420 689 2494 posui,
710 2419 751 2477 cis
771 2438 864 2495 noque
884 2438 935 2477 cur
954 2418 1128 2478 adsentiaris
1150 2436 1244 2494 neque
1268 2436 1321 2476 cur
1346 2418 1433 2479 oblo-

212 2512 311 2588 quaris
329 2511 488 2587 quidquam
506 2518 559 2571 est.
580 2546 618 2556 -
641 2516 676 2569 10
696 2501 781 2591 χειρίς
796 2509 905 2586 ἀγαθῆς
916 2513 1075 2588 genetivus,
1089 2512 1282 2588 nequidcum
1293 2511 1433 2575 locobsio

212 2603 336 2677 fallaris,
357 2622 516 2680 suspensus
537 2607 575 2663 ab
596 2600 717 2685 ἄγαλμα
734 2609 841 2681 peritae
859 2624 958 2663 manas
973 2614 1182 2664 monumentum.

211 2879 268 2938 811
288 2901 314 2941 v.
340 2883 351 2937 l
375 2880 572 2939 Romanorum
599 2892 702 2956 arguta
721 2883 812 2941 Venus
838 2883 1031 2960 intellegenda
1055 2883 1169 2942 videtur
1189 2882 1434 2963 Wilamowitzio,

210 2975 343 3049 idemque
356 2993 382 3031 v.
398 2975 414 3030 7
431 2974 616 3032 Hadrianeae
627 2977 683 3033 arti
699 2978 899 3052 patrocinatus
912 2995 970 3034 non
985 2987 1091 3034 temere
1106 2979 1271 3052 prudentem
1285 2978 1433 3042 Amor·

211 3066 353 3142 adpellari
373 3068 530 3137 existimat,
551 3069 601 3125 sed
622 3078 652 3125 ut
672 3066 683 3126 ὁ
707 3058 922 3149 νάφρωνἜρως
937 3070 1058 3129 Veneris
1072 3068 1201 3128 Vranicc
1221 3088 1318 3131 comes
1339 3074 1385 3149 (v.
1400 3077 1436 3153 8)

211 3159 393 3236 significetur,
412 3160 478 3221 coll.
500 3160 570 3220 Eur.
591 3162 681 3237 Jpniq.
702 3162 770 3221 Aul.
792 3164 847 3220 543
868 3181 933 3240 sqq.

212 3381 314 3442 828⁸.
355 3386 432 3445 Paro
452 3388 481 3444 in
501 3387 608 3448 insula.
649 3389 804 3469 Olympius
825 3392 962 3450 Athenaei
980 3390 1007 3450 V
1027 3389 1065 3448 20
1085 3410 1114 3449 n.
1136 3392 1163 3450 7.

337 3509 459 3589 Βωμὸν
481 3508 713 3601 δορποφά[ρον
734 3519 820 3601 ταῖς]
847 3512 1042 3601 Νύμφαισίν
1062 3516 1095 3597 μ’
1120 3508 1299 3601 άνέθ[ηιιεν

423 3655 432 3671 .
477 3655 486 3671 .
531 3658 539 3674 .
584 3659 593 3679 .
638 3615 820 3679 Παπιανοῦ
842 3610 879 3680 ἔκ
900 3616 928 3679 τ’
950 3617 1045 3703 [αρα]
1069 3612 1273 3700 Μυροινίας.

292 3746 302 3800 l
326 3738 496 3822 δυρποφνροις
519 3745 620 3807 editor.
643 3779 677 3791 —
699 3765 719 3806 Η
740 3744 809 3808 Νίκα
829 3755 970 3809 Ποντιανοῦ
995 3750 1025 3809 ἐκ
1050 3750 1125 3827 τ[ῆς]
1144 3747 1298 3829 Maporiton
1324 3752 1435 3813 editor.

212 3836 280 3893 Fuit
300 3836 338 3891 ab
358 3835 443 3893 initio
462 3857 565 3894 nomen
586 3840 713 3898 mulieris
739 3843 816 3900 velut
837 3832 954 3903 ''Hdhno
981 3831 1117 3919 (Hdhncc
1144 3846 1174 3904 in
1199 3842 1284 3902 titulo
1307 3862 1436 3907 romano

214 3928 290 4005 apud
305 3927 469 3987 Wilmanns
489 3931 615 4005 Ennnpl.
638 3935 720 3991 inser.
742 3936 789 3995 Ιοι.
811 3937 893 4012 535);
914 3944 976 3995 tum
995 3948 1150 4013 parentum
1170 3936 1289 3997 nomina
1301 3934 1434 4015 Papiani

212 4021 305 4096 patris
324 4020 428 4079 matris
439 4021 608 4099 Myrsineae.
649 4023 831 4101 Praepositio
852 4030 882 4088 ἐκ
904 4031 1065 4106 postposita
1084 4021 1137 4089 ίπί
1156 4032 1242 4090 κοινοῦ
1255 4035 1290 4088 ut
1302 4029 1333 4088 in
1349 4030 1435 4092 Sim-

212 4113 288 4170 miae
308 4132 351 4218 cp.
372 4114 409 4171 A.
430 4115 464 4175 P
492 4114 548 4172 Vll
573 4115 609 4173 22
633 4118 767 4177 Μουσέων
797 4112 911 4199 ι’ίμμιγα
941 4120 995 4181 nain
1020 4117 1154 4200 Χαρίτων.
1194 4122 1345 4181 Particula
1376 4116 1436 4205 ἄρα

213 4222 301 4281 quam
320 4225 427 4265 inserui
447 4216 556 4267 incerta
576 4218 627 4270 est.

719 4324 918 4335 ———.
