3262 5152
287 407 349 472 324
721 403 918 473 Epigrammata
936 399 1102 454 dedicatoria.

288 574 320 632 in
343 591 402 649 quo
422 571 581 631 Philoxeni
601 571 812 649 epigrammate
832 574 937 630 mirum
957 570 1107 647 estquod,
1127 589 1192 628 cum
1213 568 1380 630 Salmasius
1400 570 1509 649 Tlepo-

290 666 397 724 lemum
424 685 489 724 eum
515 667 573 725 dici
600 666 808 739 intellexisset,
834 668 882 743 qni
908 686 927 724 a
953 665 1102 724 Pausania
1127 664 1153 720 V
1175 664 1202 737 8,
1218 665 1249 722 ll
1273 664 1385 740 Lycius
1408 686 1514 743 genere

291 760 490 837 olympionica
509 760 686 834 nominatur,
712 779 796 818 nemo
829 760 998 820 foedissimo
1025 758 1142 817 sublato
1164 758 1233 816 vitio
1255 758 1386 818 restituit
1405 756 1513 833 Τληπό-

289 854 375 933 λεμος
390 846 545 934 Λιμυρεάς.

290 1133 389 1192 *τεο
430 1131 557 1190 truens
576 1133 608 1191 n
628 1152 700 1195 arou
741 1134 857 1209 οριεο.
879 1133 967 1193 aras.

695 1287 841 1379 ’Λγαθῆι
866 1289 984 1377 [τύχηι.

498 1491 672 1558 Δέσποινα
695 1489 845 1569 Παλλάς,
869 1491 922 1557 rol
947 1487 1040 1577 [ιόδ’,
1063 1481 1085 1578 ᾗ
1109 1495 1224 1576 σοφῶν
1245 1491 1337 1572 μέλει

497 1588 659 1678 φρόνησις
681 1586 809 1677 ἀνδρῶν
830 1594 886 1657 καὶ
908 1588 1092 1679 λ[ιθοξάιον
1113 1592 1220 1680 τέχνη,

497 1689 544 1777 oi]
568 1693 790 1774 κολλιιέχνεις
814 1690 924 1778 [ἔργον
947 1683 1065 1778 άνάρες
1087 1688 1246 1759 ticenae.

371 1966 502 2026 Litterae
523 1964 663 2023 rotundae
683 1979 764 2022 ecus.
776 1963 1004 2024 -Sententiam
1025 1966 1156 2024 indicans
1171 1963 1329 2022 Buecheler
1337 1967 1513 2041 praedicuri,

295 2061 405 2140 inquit,
431 2061 532 2118 Pallae
552 2060 674 2131 cicietur,
699 2047 720 2149 ἦ
737 2046 860 2136 φράνησις
884 2058 972 2137 paler.
997 2094 1034 2104 -
1063 2062 1079 2117 3
1105 2061 1141 2117 ab
1167 2060 1249 2118 initio
1275 2077 1326 2116 sex
1351 2058 1513 2118 litterarum

295 2156 426 2234 spatium
445 2161 499 2227 est,
520 2153 600 2228 quod
622 2153 678 2209 uisi
698 2172 832 2211 numeros
853 2172 969 2229 pessum
990 2154 1060 2213 dare
1080 2153 1166 2212 malis
1186 2163 1235 2211 aut
1255 2152 1336 2211 casui
1358 2161 1408 2210 aut
1421 2154 1513 2211 errori

295 2251 412 2308 tribues.
433 2281 471 2291 -
492 2246 629 2304 Virorum
661 2246 780 2304 nomina
809 2265 875 2304 cum
907 2246 982 2325 lapis
1014 2248 1123 2306 inferne
1152 2249 1260 2307 fractus
1285 2248 1325 2305 sit
1350 2246 1516 2324 subscripta

295 2344 385 2402 luisse
404 2351 535 2420 possunt

298 2646 373 2705 ¹19⁷.
415 2644 566 2723 Smyrnae.
606 2644 775 2705 Hirschfeld
796 2647 860 2706 Act.
881 2648 964 2707 acad.
985 2646 1082 2708 Berol.
1108 2650 1174 2704 min.
1197 2645 1270 2704 1875
1289 2664 1319 2722 p.
1334 2644 1361 2703 9.
1384 2642 1416 2705 C.
1439 2644 1513 2704 Cur·

297 2741 356 2799 tius
377 2740 476 2798 ibidem
500 2738 573 2797 1876
593 2758 622 2819 p.
638 2739 702 2798 349.

449 2900 592 2985 ΣῙωτῆρ
615 2892 806 2985 ἀνθρώπων
824 2893 1052 2986 ’Λο[κληιιιόν,
1076 2894 1173 2984 ἔργον
1194 2889 1378 2980 ducuntur,

536 2996 605 3087 oo]i
628 3002 750 3084 φρενὸς
773 2998 807 3075 ἐξ
829 2994 918 3084 ἰδίης
940 2997 1092 3084 γράῂιμα
1113 2996 1183 3064 τόδ’
1206 2992 1387 3084 εὑράμενος

450 3096 682 3186 Πλειστάρχου
705 3097 873 3181 Δοκιμεὺς
890 3093 1141 3187 Ἀσκληπιάδης
1161 3093 1342 3186 άνέ[θηκεν

538 3201 641 3285 παιρὶ
662 3199 768 3277 τέκος,
793 3196 906 3264 Παιὰν
929 3195 972 3276 ὡς
994 3197 1197 3286 ἐκ[έ]λευσεν
1219 3191 1311 3278 drag.

320 3308 339 3369 5
454 3297 596 3389 ἱλήκοις,
621 3292 647 3365 ul
675 3305 791 3384 Φοῖβε,
815 3299 874 3366 σὺν
896 3292 972 3365 ὑιέι·
995 3303 1043 3387 τῷ
1067 3301 1095 3365 tl'
1119 3297 1244 3387 ἱηίειαν

534 3401 658 3488 ὀοίηθ’,
680 3396 840 3488 ὑμετέρην
861 3393 1101 3485 ὑμνολογοῦντι
1122 3399 1228 3488 χάριν.

375 3590 399 3632 11
419 3573 478 3632 fere
498 3573 614 3632 saeculi.
636 3605 674 3616 —
697 3577 709 3631 l
729 3572 896 3647 Ἀσκληπιόν
917 3569 1011 3648 ἰητῆρα
1032 3570 1158 3638 Curtius,
1184 3570 1235 3647 qui
1255 3569 1313 3627 ni
1333 3573 1362 3629 in
1382 3573 1517 3648 pessimis

299 3667 488 3726 Hirschfeldii
525 3666 733 3744 supplementis
766 3667 924 3742 adquievit.
956 3697 994 3707 -
1026 3667 1042 3721 3
1073 3666 1116 3723 sic
1150 3664 1300 3741 intellego:
1336 3665 1519 3740 Asclepiades

301 3761 426 3837 Asclepii
450 3772 570 3819 statuam
594 3764 682 3836 ipsius
705 3760 826 3817 Poeante
852 3762 928 3818 iussu
953 3759 1063 3834 (nescio
1087 3759 1255 3835 Apollinem
1285 3758 1451 3836 intellegam
1480 3780 1517 3818 an

301 3850 484 3930 Asclepium)
506 3855 635 3929 Apollini
660 3853 777 3912 dedicat.
824 3851 903 3910 Nam
930 3855 1019 3911 verba
1046 3845 1126 3931 πατρὶ
1152 3851 1228 3920 τέκος
1252 3872 1279 3909 v.
1295 3855 1313 3908 4
1332 3871 1402 3910 cave
1428 3854 1518 3911 iuter·

301 3944 425 4019 preterit
450 3949 579 4024 Asclepio
610 3949 797 4023 Asclepiades.
844 3946 965 4005 Videtur
990 3957 1086 4004 autern
1112 3966 1164 4023 per
1189 3946 1333 4004 somnium
1363 3946 1434 4004 deus
1464 3947 1519 4003 hoc

302 4038 430 4096 iussisse.
452 4072 488 4080 -
511 4045 580 4119 usq.
601 4043 730 4101 editores
751 4041 823 4099 nihil
844 4041 1059 4100 intellexerunt.
