3292 5152
375 392 419 445 lll.
453 399 588 460 poetarum
609 396 748 448 memoriae
767 396 850 449 facete
866 395 965 450 ludicre
982 398 1117 464 sapienter
1134 397 1204 452 dieta
1222 405 1270 452 ret.
1376 402 1439 467 503

221 558 302 619 1113.
346 560 491 636 Gallopoli
510 563 539 618 in
561 564 704 622 cochleari
724 571 873 641 argenteo.
913 564 1038 624 Newton
1056 565 1171 624 Transle
1192 567 1436 652 audDisooven'aes

222 657 254 726 os
271 655 379 712 Leuant
399 675 427 731 p.
454 657 516 717 123.

314 770 377 853 Ὃς
400 780 436 846 δὲ
460 779 630 866 Κόρινθον
652 777 740 846 ἔναιε
759 776 885 861 (θυμοῦ
910 781 1072 869 κρατέειν’
1097 782 1317 870 Περίανδρος,

420 879 499 946 ὅταν
520 887 650 970 ¹utu[r}]r
674 906 710 947 σε
734 878 753 970 ἡ
779 880 862 969 φίλη
888 906 959 947 σου.

300 1017 476 1076 Hexameter
496 1031 626 1096 sumptus
647 1040 682 1078 ex
704 1020 832 1077 carmine
845 1022 882 1076 A.
897 1019 931 1077 P.
947 1019 992 1076 IX
1015 1019 1080 1092 366,
1102 1022 1150 1079 ubi
1170 1023 1257 1081 oodex
1273 1022 1335 1081 Pal.
1350 1017 1436 1103 χόλου

221 1111 347 1187 κρατέειν,
380 1114 437 1169 duo
464 1133 531 1170 vero
558 1112 683 1173 Parisini
708 1114 805 1192 θυμοῦ
829 1112 957 1192 κρατέειν,
985 1132 1059 1189 quae
1084 1115 1139 1172 etsi
1165 1117 1261 1174 versui
1287 1136 1345 1176 non
1369 1128 1438 1194 apta

222 1206 360 1261 vetustior
374 1213 471 1263 tamen
493 1218 520 1263 et
540 1207 685 1284 vulgatior
705 1209 820 1266 videtur
832 1209 992 1265 sententiae
1011 1207 1111 1268 forma.
1145 1207 1279 1268 Ceterum
1295 1210 1436 1269 Antholo-

219 1298 284 1371 gine
310 1317 423 1355 carmen
450 1301 577 1358 eiusdem
606 1312 676 1377 puto
703 1307 805 1378 poetae
836 1318 899 1359 esse
925 1301 1005 1359 euius
1031 1312 1099 1359 sunt
1125 1302 1180 1360 VIl
1208 1304 1242 1361 81
1270 1311 1300 1362 et
1325 1304 1368 1361 IX
1389 1304 1435 1377 26,

220 1391 370 1465 Antipatri
391 1405 544 1469 utrumque
566 1415 621 1453 non
643 1394 753 1454 Sidonii
773 1393 824 1452 sed
844 1392 1118 1455 Thessalonicensis.
1142 1429 1175 1440 —
1189 1396 1286 1455 Verba
1306 1387 1370 1457 ὅταν
1390 1423 1434 1477 μι-

220 1487 263 1554 op
278 1506 307 1541 σε
322 1483 335 1557 r]
352 1480 417 1562 φίλη
433 1509 482 1544 σου
497 1489 525 1544 iu
541 1491 691 1547 manubrio
712 1488 821 1563 scripta
839 1486 955 1545 addidit
975 1489 1026 1564 qui
1045 1490 1156 1549 amicus
1175 1492 1300 1550 amioum
1319 1501 1435 1568 praeter

219 1578 424 1654 supellectilem
445 1582 544 1639 utilem
565 1582 679 1639 utiliore
700 1581 820 1639 oonsilio
840 1580 980 1655 inpertire
1001 1582 1098 1641 voluit.

218 1856 301 1915 1114.
343 1857 375 1914 ln
397 1876 494 1915 museo
513 1857 682 1915 Britannico
705 1859 734 1914 iu
754 1858 896 1917 cochleari
916 1868 1060 1935 argenteo.
1101 1859 1226 1919 Newton
1245 1861 1359 1919 Trevels
1377 1868 1433 1922 oet.

218 1950 266 2023 (cf.
288 1951 334 2009 ad.
356 1951 398 2008 tit.
421 1952 564 2026 praeced.)
584 1971 612 2028 p.
637 1951 699 2010 123.

619 2075 731 2158 Τέρμα
755 2076 783 2139 d'
807 2069 888 2159 ὁρᾶν
909 2071 1036 2157 βιότου.

295 2213 341 2268 Ex
366 2213 464 2269 eodem
495 2213 570 2269 uude
597 2213 776 2288 epigramma
800 2213 971 2270 antecedens
997 2213 1189 2290 Anthologiae
1215 2213 1356 2286 carmine,
1382 2214 1432 2273 ubi

217 2306 327 2381 integer
348 2325 447 2363 versus
468 2305 514 2363 hic
534 2314 579 2363 est
595 2303 697 2384 ‘rippa
718 2301 743 2363 d'
764 2302 825 2384 ὁρᾶν
845 2293 949 2381 βνᾶτοιᾶ
971 2298 1069 2369 Σίλων
1091 2304 1169 2385 ἱεραῖς
1191 2305 1216 2364 ἐν
1232 2298 1374 2380 Ἀθήναις.

216 2581 297 2640 1115.
338 2584 480 2656 Lugduni.
522 2583 703 2643 C.1.6792.

292 2763 328 2820 J).
346 2764 385 2818 M.
420 2763 569 2819 Lucretiae
589 2762 717 2820 Valeriae
736 2760 801 2823 Ser.
818 2763 905 2821 Amas
918 2761 1066 2819 Hermeroe
1086 2765 1196 2836 conavi
1214 2761 1267 2820 sibi
1284 2762 1427 2838 merides)

215 2866 237 2911 et
257 2857 312 2912 sibi
331 2861 409 2913 oiorts
425 2861 521 2930 posuit
540 2867 566 2913 et
584 2856 633 2914 aab
653 2860 733 2913 ascia
753 2857 897 2915 dedicavit.

295 2976 333 3040 ‘0
356 2977 486 3061 φθόνος
509 2974 554 3054 ὡς
577 2976 677 3042 κακόν
700 2976 798 3042 ἐστιν·
824 2975 871 3060 ἔχι
895 2975 958 3063 γάρ
979 3003 1012 3043 τι
1033 2976 1136 3042 καλὸν
1158 2978 1192 3043 ἐν
1214 2973 1315 3065 αὑτῷ·

386 3077 459 3165 νήνι
485 3080 545 3161 γὰρ
569 3082 747 3162 φθονερῶν
770 3073 901 3158 ὄμματα
922 3079 979 3143 καὶ
1003 3078 1152 3164 κραδίην.

291 3217 409 3289 Legitur
430 3216 609 3289 epigramma
629 3215 662 3271 P.
687 3213 727 3271 xl
751 3215 815 3283 193,
840 3213 889 3270 ubi
910 3213 986 3270 mule
1006 3211 1017 3269 6
1040 3206 1139 3290 φθόνος
1160 3206 1219 3271 ἐστὶ
1243 3207 1372 3283 κάκιστος
1397 3225 1427 3274 et

215 3310 318 3364 melius
340 3305 393 3385 ἔχει
415 3307 445 3365 δέ
463 3331 488 3364 τι
509 3297 591 3364 καλὲν
611 3307 637 3363 ἐν
658 3305 745 3384 αὐτῷ.
788 3304 967 3364 Sententiam
987 3306 1139 3364 adnotavit
1158 3306 1263 3365 Iacobs
1282 3327 1319 3365 ex
1337 3308 1425 3367 Isocr.

215 3402 298 3474 Euap
334 3402 351 3457 6
381 3403 499 3476 peritam
526 3420 595 3457 esse.
619 3436 650 3442 -
675 3400 784 3458 Versus
809 3415 924 3476 graecos
951 3398 988 3455 ab
1013 3398 1195 3475 Hieronymo
1220 3401 1261 3475 (in
1286 3405 1362 3476 epia.
1387 3403 1428 3459 nd

216 3495 309 3550 Galat
330 3494 372 3551 lll
395 3496 424 3569 5)
448 3495 536 3551 latine
558 3513 655 3551 versos
676 3491 849 3551 monstravit
868 3490 970 3569 Haupt
993 3491 1248 3568 opusc.111338:

454 3626 550 3679 iustius
571 3621 678 3678 invidia
698 3618 767 3676 nihil
785 3627 834 3691 eat,
853 3636 924 3693 quae
939 3622 1067 3694 prosim
1085 3623 1177 3695 ipsum

530 3725 668 3771 enormem
687 3713 762 3770 rodit
782 3713 975 3788 eaemoiotqao
994 3717 1125 3773 ananam.

212 3992 294 4049 1116,
336 3992 478 4067 Zacynthi
500 3992 528 4047 in
549 3991 692 4068 epistylio.
733 3990 765 4051 (l.
786 3990 809 4050 l.
832 3990 915 4048 1935.

358 4112 395 4173 ‘0
419 4112 550 4199 φθόνος
572 4110 671 4191 alltc
694 4112 812 4180 ἑαυτὸν
834 4111 902 4191 ἑοῖς
923 4113 1075 4195 βελέεσσι
1099 4112 1249 4197 δαμάζει.

290 4253 408 4329 Legitur
428 4272 527 4311 versus
547 4255 583 4311 Α.
606 4252 640 4311 Ρ.
661 4253 692 4310 X
716 4255 778 4312 lll.
819 4251 864 4312 Cf.
886 4250 925 4309 ud
944 4251 989 4310 rit.
1008 4252 1141 4328 praeced.

716 4413 917 4426 d
