3262 5152
650 395 684 449 ll.
709 394 847 448 hominum
865 393 985 448 honores.
1364 396 1426 460 373

209 554 288 642 τηκηῖ
310 566 385 623 idem
413 583 477 621 csse
504 575 591 638 atquc
618 550 703 622 einc've
735 571 841 622 norunt
871 583 984 636 omneS,
1014 565 1048 621 cl.
1076 555 1156 640 τιμὴν
1187 563 1339 639 ἀναστῆσαι
1369 565 1427 622 alia

209 659 325 734 Epirum.
348 664 433 734 epipr.
456 661 503 716 lat.
527 659 554 714 ll
581 658 622 716 tt.

717 824 917 833 ————

208 939 285 999 905.
328 940 469 1014 Gortyne.
499 939 530 997 ll.
553 941 573 997 l.
596 940 671 996 2589
692 959 727 995 ex
749 938 860 995 schedis
876 937 1078 1012 Pigafettianis
1099 939 1177 1013 apud
1200 938 1367 1012 Gruterum,
1389 961 1425 998 ex

212 1035 338 1092 Cornelii
362 1035 435 1091 libro
459 1035 541 1092 Creta
562 1054 656 1105 sacru,
679 1034 727 1108 qui
748 1032 833 1108 petiit
853 1051 889 1088 ex
910 1031 1008 1088 codice
1029 1030 1170 1090 Vaticano
1195 1033 1277 1106 1759,
1302 1034 1425 1110 denique

207 1150 242 1185 ex
264 1128 417 1186 Pococlrio.

331 1250 506 1337 Ἕσπερῖης
529 1248 639 1337 ῑνεῖοης
659 1252 783 1332 χθονὸς
805 1245 944 1334 ῖῖβριμον
967 1248 1140 1340 ἰθονιῆρο,

410 1357 647 1435 Μαρκελλῖνον
671 1349 782 1437 ἄθρει,
808 1353 1033 1441 θαρραλὲ[ο]ν
1056 1355 1186 1442 ταμίην,

331 1451 489 1532 ‘altenag
512 1451 636 1539 [istoria
658 1451 761 1539 ἔρνος,
786 1446 822 1530 λῖς
847 1448 974 1540 εὐδικίῃ
998 1455 1052 1520 καὶ
1078 1449 1191 1543 ἀρωγῇ

409 1558 577 1639 κουφίζων
601 1552 722 1632 πόλιας
746 1558 850 1642 θῆκεν
873 1554 1114 1642 ἐλαφροτέρας·

273 1664 291 1722 5
342 1650 479 1720 εοῖνεκσ
505 1659 559 1721 καὶ
585 1652 795 1740 προθῖρονσν
815 1659 923 1744 Δίκης
946 1654 1157 1744 ἐπεμάρτυρα
1179 1665 1317 1742 θεσμῶν

408 1759 533 1843 βουλῆς
557 1758 613 1820 καὶ
642 1754 776 1842 Πύρρον
799 1762 918 1843 στῆσεν
942 1754 1147 1844 ε’νρρμοσύνη.

286 1914 424 1971 Graviter
445 1913 621 1988 interpolata
637 1920 705 1971 sunt
719 1913 914 1989 Pigafettiaua
928 1925 955 1969 et
971 1911 1155 1986 Corneliana,
1176 1916 1334 1993 integriora
1348 1937 1424 1992 quae

207 2010 236 2065 in
262 2009 393 2083 margine
420 2006 572 2064 Cornelius
598 2008 683 2063 habet
709 2025 840 2081 quaeque
865 2006 999 2063 Pococke
1026 2008 1160 2078 tradidit3
1191 2011 1290 2068 omnia
1317 2019 1348 2069 ut
1377 2031 1424 2069 res

205 2102 399 2178 perspiciatur
420 2103 551 2158 enotabo.
574 2137 610 2144 —
637 2106 645 2156 l
671 2101 740 2158 Poe.
763 2118 936 2159 ranzanus.
950 2115 971 2157 0
993 2146 1114 2161 .....
1131 2119 1423 2180 oseruourorur...,

207 2196 309 2271 reliqui
331 2215 406 2270 (quae
427 2196 521 2270 posui.
544 2229 579 2236 -
596 2195 611 2250 θ
626 2184 788 2272 Μοίρκελλον
809 2193 819 2250 ὁ
844 2183 950 2271 θραοθς
972 2185 1070 2273 papulas
1092 2183 1172 2273 μέρος
1193 2194 1293 2277 ταμίην
1315 2200 1424 2259 Gruter

205 2291 371 2365 eademque,
398 2289 455 2349 nisi
476 2291 553 2365 quod
573 2288 758 2366 Μαρκελλῖνον
779 2290 874 2361 habet,
897 2288 1050 2347 Cornelius
1071 2291 1101 2347 in
1122 2298 1217 2365 textu,
1244 2295 1273 2351 in
1294 2295 1424 2370 margine

205 2383 390 2461 Μαρκελλῖνον
416 2374 492 2462 οῖθρει
517 2385 675 2461 θαρραλέον
700 2381 808 2462 ταμίην.
849 2383 981 2440 Pococke
1006 2384 1191 2458 Μαρκελλῖνον
1216 2387 1271 2466 θρα
1293 2432 1299 2445 .
1320 2430 1327 2444 .
1350 2388 1424 2446 unde

206 2479 331 2536 dubitari
357 2486 454 2554 potest
480 2477 542 2558 δρᾷς
569 2478 752 2536 scribendum
779 2479 815 2535 sit
840 2498 878 2535 an
903 2497 969 2535 cum
991 2478 1137 2539 Bocckhio
1162 2470 1248 2560 οῖθρει.
1289 2482 1424 2540 Alterum

207 2573 328 2647 praetuli
361 2581 480 2647 propter
510 2573 688 2647 insequentis
718 2573 796 2629 tituli
828 2592 853 2631 r.
872 2574 895 2629 1.
921 2605 958 2614 —
986 2572 1100 2630 Deinde
1131 2574 1281 2653 θαρραλέον
1312 2577 1423 2653 scripsi,

208 2668 367 2745 θαρραλέως
396 2666 517 2723 Boeclrh.
547 2701 580 2707 —
609 2668 625 2722 3
654 2659 769 2738 εθθοκιήι
794 2653 948 2724 Κνκλοῖὸων
978 2669 1028 2739 γῆς
1062 2667 1171 2726 Gruter
1202 2681 1229 2726 et
1260 2669 1424 2743 CorneliuS,

206 2760 279 2818 alter
305 2773 399 2818 tamen
427 2761 456 2817 in
479 2761 610 2836 margine
636 2753 681 2816 καῖ
703 2757 809 2836 siponi,
835 2759 969 2818 Pocoelre
995 2779 1231 2820 §inluminaturus
1248 2797 1325 2822 ..—
1346 2767 1365 2822 4
1385 2781 1424 2823 ΘΕ

207 2897 212 2907 .
235 2898 241 2909 .
264 2901 269 2910 .
294 2898 299 2910 .
322 2855 391 2913 Poe.
415 2876 468 2930 pro
495 2856 588 2927 θῆκεν,
614 2854 747 2928 idemque
768 2834 826 2910 vlo
848 2871 927 2913 oroe
948 2900 954 2913 .
978 2900 984 2912 .
1006 2875 1059 2931 pro
1086 2848 1248 2936 προθύροισι.
1269 2893 1305 2902 -
1327 2861 1345 2917 5
1366 2858 1422 2918 ἔτι·

206 2941 338 3028 μαρπῖριρ
360 2950 521 3019 Cornelius,
542 2959 698 3004 correctum
726 2949 754 3005 in
780 2951 917 3025 margine.
937 2983 975 2992 —
997 2951 1014 3008 6
1035 2942 1122 3028 βουλὴ
1148 2945 1195 3011 καῖ
1215 2946 1321 3033 Πύρρον
1341 2954 1423 3028 θῆκεν

205 3043 322 3114 Gruter,
344 3044 445 3119 βουλῆς
467 3037 584 3121 κοίτορος
606 3046 691 3115 στῆσε
711 3042 737 3099 ἐν
762 3042 926 3114 Cornelius,
951 3045 979 3101 in
1006 3047 1137 3122 margine
1164 3067 1232 3106 vero
1259 3039 1345 3125 βουλὴ
1377 3040 1423 3107 καῖ

206 3127 314 3216 Hippou
336 3139 425 3211 θῆκεν.
466 3137 596 3194 Pococke
617 3152 957 3195 soranrzsn.rrr0rzr1
980 3185 986 3196 .
1010 3185 1016 3197 .
1038 3184 1044 3196 .
1067 3136 1234 3219 ἐφημοοκῖνη,

284 3233 419 3289 Eiusdem
446 3232 524 3288 urbis
550 3230 624 3288 alius
649 3240 694 3288 est
720 3232 820 3288 titulus
846 3230 879 3288 O.
905 3233 927 3291 l.
949 3231 1025 3289 2588
1050 3226 1157 3292 Κόιντον
1181 3229 1318 3294 Καικίλιον
1340 3231 1421 3294 Ῥου-

205 3325 303 3401 prou,
330 3316 374 3383 riv
399 3319 541 3401 κράτιστον
566 3314 723 3384 ἀνθῖπατον
744 3314 848 3404 ΚρηΙτης
874 3318 920 3382 καῖ
947 3319 1066 3402 Κυρήνης
1088 3322 1227 3396 Κυντιλιος
1247 3316 1352 3408 Πνῖρρος
1378 3320 1423 3387 riv

205 3411 296 3497 φίλον,
323 3422 369 3477 ubi
396 3442 460 3478 eum
486 3421 627 3497 Pyrrhum
654 3421 775 3477 eurrdem
800 3438 863 3476 esse
890 3431 999 3495 pateat,
1032 3422 1082 3496 qui
1107 3423 1269 3480 Marcellini
1295 3431 1421 3482 statuam

205 3516 366 3588 ponendam
388 3517 541 3586 curaverit,
564 3514 693 3589 sequitur
714 3525 865 3589 utrumque
886 3515 1000 3572 titulum
1016 3515 1207 3575 Constantino
1228 3518 1422 3593 antiquiorem

204 3627 281 3679 esse,
307 3610 415 3685 quippe
441 3610 490 3684 qui
517 3609 634 3668 Cretam
655 3610 844 3685 Cyrenenque
872 3610 1036 3686 provincias
1062 3613 1098 3669 ab
1119 3610 1224 3670 Rufino
1245 3613 1421 3673 coniunctim

203 3704 421 3762 administratas
447 3703 627 3778 separaverit
653 3716 681 3758 et
704 3703 826 3760 alteram
854 3703 998 3762 consulari
1024 3705 1145 3764 alteram
1171 3707 1301 3783 praesidi
1331 3707 1421 3765 adtri-

204 3798 305 3854 buerit.
346 3798 406 3855 laun
433 3820 500 3856 vero
521 3797 707 3855 Marcellinus
728 3801 786 3854 ul
816 3798 918 3855 ltaliae
938 3809 1094 3873 comentur,
1121 3801 1181 3859 ul
1209 3808 1345 3878 quaestor
1370 3801 1421 3859 ad·

204 3892 341 3966 pellatur,
368 3913 425 3967 quo
452 3905 571 3968 utroque
599 3913 714 3948 munere
742 3912 806 3950 cum
834 3913 889 3950 non
918 3895 1010 3969 possit
1036 3896 1135 3953 eodem
1155 3903 1288 3973 tempore
1307 3896 1421 3954 functus

204 4006 279 4057 esse,
307 3988 361 4044 hoc
387 3989 567 4044 statuendum
594 3988 719 4058 videtur,
750 3987 819 4044 olim
846 3989 928 4046 illum
955 3990 1030 4067 apud
1057 3990 1209 4049 Cretenses
1235 3998 1421 4067 quaestorem

204 4091 306 4154 postea
327 4083 363 4137 ad
386 4081 554 4138 correctoris
578 4082 679 4139 ltaliae
700 4083 868 4157 dignitatem
890 4092 1058 4159 provectum
1084 4106 1174 4161 eoque
1200 4086 1266 4161 ipso
1292 4096 1421 4162 tempore

202 4195 266 4231 cum
288 4196 394 4232 norum
418 4177 498 4232 iniret
522 4196 625 4233 munus
647 4197 664 4232 a
686 4175 839 4252 Gor·tyniis
861 4187 957 4237 statua
986 4179 1157 4238 honoratum
1177 4199 1247 4237 esse.
1289 4180 1372 4253 Quae
1393 4179 1420 4237 si

204 4271 296 4326 minus
318 4271 404 4343 plane
426 4280 511 4345 poeta
532 4271 640 4326 dixisse
669 4271 795 4342 videtur,
822 4281 871 4330 aut
897 4275 988 4351 ipsius
1014 4275 1188 4351 inculpanda
1213 4285 1258 4330 cst
1282 4274 1420 4350 inperitia

203 4376 251 4420 aut
272 4365 511 4440 interpolatorum
533 4365 611 4422 l'raus
633 4366 713 4423 nobis
735 4366 852 4440 quidem
873 4388 928 4426 non
950 4367 1144 4450 deprehensa3
1165 4368 1222 4430 rid.
1244 4368 1340 4428 adnot
1356 4368 1417 4427 crit.
