3262 5152
761 375 896 446 praelatio.
1357 400 1430 448 Xon

213 545 329 604 nondae
350 549 452 621 rogatu
473 543 684 614 Xenocratem3
718 561 803 619 quem
822 543 956 620 clypeum
981 546 1160 621 conspicatus
1185 546 1430 611 Lacedaemonios

212 647 331 724 fugisse.
372 644 455 704 Hanc
474 644 638 705 Pausaniae
662 645 860 704 narrationem
881 663 947 704 oum
967 632 1184 723 epigrammatis
1204 652 1346 709 memoria
1369 653 1430 711 fere

212 767 367 826 congruam
392 766 456 808 esse
481 749 625 808 intellexit
644 746 803 805 Buecheler
827 747 901 807 Mas.
929 748 1015 805 Rhen.
1035 748 1158 808 XXXII
1178 752 1306 828 ditsq„
1332 754 1427 830 ipsum

212 850 392 927 epigramma
412 869 470 908 non
490 851 569 910 omni
589 869 626 909 ex
646 859 729 926 parte
748 855 783 907 ut
801 849 873 906 mihi
894 850 1006 908 videtur
1026 861 1101 910 recte
1127 852 1345 929 interpretatus.
1381 855 1429 915 Sic

213 952 362 1030 intellego:
394 953 460 1010 dum
482 952 703 1011 Lacedaemonii
727 954 756 1008 in
784 969 814 1008 ιο
839 960 880 1008 est
903 960 935 1008 ut
958 955 1100 1010 vincerent
1119 954 1321 1030 (confirmatur
1339 957 1429 1034 igitur

212 1053 413 1130 Xenophontis
438 1054 573 1113 iudicium
594 1054 703 1112 Hellen.
726 1051 768 1108 VI
792 1052 889 1127 als),
917 1052 1071 1112 Xenocrati
1097 1065 1172 1113 sorte
1197 1056 1292 1131 obtiyit
1317 1058 1428 1132 (sortiti

213 1162 311 1215 autern
331 1161 416 1216 erant
433 1166 549 1234 praeter
569 1157 664 1234 ipsum
678 1153 886 1229 Theopompus
906 1159 936 1212 et
957 1154 1129 1230 Mnasilaus)
1151 1167 1180 1214 ut
1199 1158 1261 1215 Ioui
1287 1169 1428 1234 tropaeam

214 1260 352 1331 adferret.
395 1259 437 1316 Et
461 1258 632 1316 adaltrute
657 1259 772 1314 nonum
802 1259 897 1331 copias
926 1274 1061 1332 armoque
1090 1277 1266 1333 nequaquam
1296 1271 1428 1320 metuens:

214 1365 255 1418 ric
268 1364 378 1439 foetam
398 1370 429 1417 at
451 1359 572 1418 Thebani
593 1363 708 1417 victores
728 1375 742 1414 e
759 1375 856 1433 pugna
877 1358 1059 1431 decederent,
1092 1363 1170 1418 cuites
1190 1365 1232 1419 rei
1249 1367 1427 1422 tnnmonr'nrn

213 1473 357 1539 tropaeam
377 1471 417 1520 eat
436 1461 565 1519 metria
583 1463 712 1536 positum.
753 1459 890 1534 Princeps
910 1458 1018 1534 q'uidern
1038 1464 1170 1520 uictoriae
1193 1474 1289 1522 aanor
1309 1467 1427 1541 Epami·

212 1567 321 1622 nendos
339 1566 401 1638 snit
421 1561 520 1638 (Diod.
541 1560 602 1620 XV
621 1560 716 1636 563),
741 1578 791 1618 nos
809 1577 876 1617 cero
892 1569 1011 1635 propter
1036 1563 1128 1620 utilem
1149 1583 1246 1624 cursus
1266 1568 1427 1628 cosmatem

215 1667 263 1723 illo
283 1670 331 1724 oric
351 1669 505 1741 inferiores.
536 1663 670 1738 Adparet
688 1682 725 1720 ex
739 1661 785 1719 his
798 1660 991 1737 periculosum
1004 1663 1124 1740 aliquod
1138 1683 1190 1742 per
1203 1669 1315 1728 medios
1327 1669 1428 1730 hostes

214 1769 270 1826 iter
303 1767 406 1826 iecisse
434 1765 626 1825 Xenocratem
655 1764 691 1823 ad
719 1762 937 1840 reciperandum
964 1763 1038 1823 illud
1068 1766 1146 1842 quod
1175 1767 1239 1827 Iovi
1274 1781 1428 1848 poneretur

217 1882 383 1946 tropaeum,
413 1869 534 1945 adparet
559 1885 616 1925 non
642 1866 739 1925 minus
765 1865 812 1939 (cf.
834 1883 860 1922 v.
886 1863 917 1939 6)
944 1865 1085 1942 singulari
1109 1869 1233 1945 quadam
1257 1873 1311 1932 hae
1339 1874 1368 1932 in
1397 1895 1428 1934 re

218 1971 366 2030 eeleritate
386 1989 460 2048 opus
482 1970 578 2029 fuisse.
611 1967 780 2044 Tropaeum
800 1967 885 2043 quale
904 1967 1026 2043 suerit⁸)
1045 1970 1151 2029 mirum
1171 1981 1215 2030 est
1235 1975 1314 2049 quod
1334 1995 1370 2034 ex
1390 1977 1428 2034 ti·

213 2073 274 2131 tulo
293 2092 352 2132 non
372 2073 510 2133 discimus
524 2073 652 2148 (hastam
666 2070 743 2128 enim
757 2069 848 2128 fuisse
861 2068 937 2126 haud
952 2078 1027 2128 reete
1042 2069 1199 2131 Buecheler
1213 2093 1249 2132 ex
1269 2094 1314 2131 vv.
1333 2078 1345 2132 1
1366 2077 1426 2135 et5

214 2174 365 2251 conlegit);
385 2175 437 2234 sed
457 2183 486 2233 et
505 2173 561 2232 hoc
581 2178 611 2230 et
630 2173 733 2231 inscita
752 2171 891 2230 narrandi
910 2171 995 2243 ratio,
1014 2171 1151 2232 dictionis
1170 2174 1384 2236 inconcinnitas
1398 2188 1426 2236 et

215 2276 388 2350 obscuritas,
408 2276 527 2335 dialecti
546 2274 742 2333 inconstantia
762 2274 801 2349 (v,
817 2275 835 2331 5
849 2265 941 2349 daupi)
955 2291 989 2332 eo
1002 2275 1095 2351 magis
1110 2275 1190 2335 ducit
1203 2290 1234 2335 ut
1247 2278 1427 2356 epigramma

213 2398 272 2437 non
293 2396 324 2436 rv
335 2379 450 2437 saeculo
471 2377 521 2436 sed
541 2383 672 2452 tempore
692 2375 842 2451 aliquanto
856 2375 1012 2434 recentiore
1025 2378 1165 2453 scriptum
1181 2388 1324 2454 putemus,
1338 2400 1425 2457 quam

212 2501 246 2539 eo
272 2491 304 2539 ut
323 2480 366 2538 rei
391 2479 558 2539 memoriam
584 2496 602 2533 a
627 2477 777 2534 Pausania
801 2475 938 2535 traditam
964 2477 1100 2537 sabulosa
1125 2485 1286 2556 temporum
1312 2483 1425 2560 longin-

210 2582 323 2659 quitate
342 2583 527 2642 obscuratam
546 2580 686 2638 dicamus.
707 2609 745 2621 -
766 2576 889 2637 3Diod.
909 2576 968 2637 XV
990 2577 1055 2651 532
1078 2579 1101 2638 ui
1121 2577 1149 2640 di
1168 2575 1278 2642 Βοιωτοὶ
1301 2617 1334 2628 -
1357 2607 1425 2644 κατ-

210 2674 318 2758 sudam
353 2675 414 2753 τιάς
445 2678 676 2761 Λακεδαιμονίους
700 2679 845 2759 ἐπέχοντας
869 2670 942 2738 dnus
967 2681 997 2738 ni
1023 2674 1188 2761 Asuxrprxdv
1219 2679 1319 2759 radica,
1349 2687 1426 2763 quod

209 2787 369 2845 Xenocrati
389 2787 505 2846 ridetur
524 2783 748 2862 percurrendum
769 2782 865 2842 fuisse.
888 2783 956 2840 -5
976 2775 1108 2862 νικιῲάριι
1128 2779 1202 2865 aopi
1221 2777 1339 2865 τράπιιιι
1358 2794 1426 2847 sunt

217 2896 339 2965 tropaea
364 2888 470 2966 quibus
495 2888 618 2946 uictoria
646 2885 734 2944 armis
758 2894 843 2961 partu
863 2885 1073 2946 indicato.-
1095 2887 1113 2945 6
1134 2890 1283 2948 cnrrebant
1301 2901 1324 2948 et
1344 2891 1424 2966 Epu-

211 2992 401 3049 minondaret
455 2999 604 3060 ιιιοσιαιιι,
624 3008 643 3046 o
634 2990 695 3076 lter
715 2997 809 3046 contm
830 2987 916 3046 toas
935 2989 1005 3048 ulter
1023 3000 1065 3048 tro
1087 3010 1167 3049 neam
1186 3003 1215 3049 nt
1234 3002 1374 3066 repeteret

253 3058 377 3132 slus,
481 3053 600 3127 ’,ᾠά
596 2990 973 3180 ΜῩΛᾸῙ-άᾼιίγ
980 3010 1351 3158 ffiLerg'
1345 3033 1566 3175 llssy*

209 3166 287 3226 ⁷84.
329 3167 422 3229 Gravi
442 3187 506 3227 meo
526 3185 623 3226 errore
642 3167 753 3225 factum
772 3172 869 3225 estut
888 3078 1104 3244 epigrammatis
1124 3168 1209 3229 huius
1230 3177 1260 3229 et
1280 3136 1370 3229 verba
1397 3180 1425 3228 et

206 3274 333 3327 aetamm
357 3288 510 3347 perperam
536 3269 749 3328 constituerem
795 3267 882 3327 Teste
907 3270 982 3327 enim
1007 3269 1176 3330 Froehnero
1202 3289 1221 3328 v
1247 3292 1274 3333 a.
1304 3272 1371 3333 chr.
1395 3293 1421 3332 n.

206 3371 324 3429 saeculo
344 3371 483 3448 seriphum
503 3380 556 3442 est,
576 3371 730 3448 legendum
751 3380 848 3429 autem
868 3371 920 3430 sic:

366 3496 506 3582 Τέρπωι
529 3492 598 3578 εἰμὶ
622 3500 708 3572 θεᾶς
729 3492 893 3581 θεράπων
916 3499 1036 3583 σεμνῆς
1054 3488 1266 3584 Ἀφροδίτης·

357 3602 429 3673 τοῖς
453 3596 490 3662 δὲ
513 3594 746 3685 revocationes
770 3593 903 3684 Κύπρις
923 3593 1019 3683 χάριν
1041 3590 1259 3684 dmnnodoip.

285 3733 408 3811 Terpon
431 3753 529 3794 eorum
549 3734 721 3793 daemonum
742 3754 861 3793 numero
880 3733 991 3793 accedit
1010 3733 1110 3809 quales
1126 3724 1422 3815 ιιιιιΤάχωνΓιργάν

205 3831 351 3910 Kalatha
371 3836 431 3897 alii.

275 4089 302 4155 ')
320 4105 411 4144 moneo
428 4091 461 4145 ds
478 4106 551 4145 sacro
569 4092 669 4160 cippos,
689 4107 764 4160 quern
784 4091 812 4144 lx
830 4091 877 4143 rori
898 4090 949 4145 νιώ
967 4091 1012 4156 sir<
1028 4090 1145 4157 Ἀθηνᾶς
1169 4094 1216 4157 τῆς
1235 4091 1348 4152 Ἰλιάδος
1372 4096 1422 4145 ln-

201 4172 262 4241 βών
290 4172 350 4243 ἅμα
382 4169 412 4228 οἷ
439 4170 512 4246 εἶχεν
540 4176 724 4245 Ἀλέξανδρος
753 4179 799 4230 nui
827 4176 882 4248 πρὸ
913 4173 1000 4230 ιιάιοῦ
1030 4176 1142 4246 ἐφέρετο
1174 4177 1204 4230 ἐν
1234 4183 1294 4238 sni<
1320 4176 1424 4246 μάχαις

204 4261 309 4315 Δπίιιι.
327 4261 412 4316 Anah.
430 4261 468 4318 VI
487 4266 538 4327 9‚³.

255 4363 339 4413 Kolboi,
352 4364 513 4416 Epigrammata
526 4374 609 4416 maes.
