3262 5152
462 1638 502 1715 ΙΙ.
539 1636 792 1717 ΗΟΜΙΝλΙΜ
822 1637 1094 1718 ΗΟΝΟΒΕΒ.

607 1936 743 1994 anans
764 1936 916 1994 santae,

168 2108 246 2168 843.
287 2111 321 2167 Iu
342 2109 419 2168 valle
438 2111 611 2188 Megarensi.
651 2111 682 2171 0.
705 2113 726 2171 Ι.
750 2114 833 2174 1050.

317 2230 495 2321 ’Oppianus
519 2240 682 2324 Μεγαρῆς
703 2263 744 2319 με
768 2237 927 2323 δαίφρννι
948 2238 1019 2324 τῇδ’
1043 2230 1202 2323 ἀρίδηλον

389 2338 503 2417 μνᾶμα
525 2336 634 2403 θέσαν
655 2335 754 2427 φάμᾳ
777 2338 926 2425 Δελφίδα
948 2331 1160 2422 πειθόμενοι,

319 2424 358 2511 λίς
380 2433 419 2524 δὴ
443 2436 627 2518 μακίστους
646 2439 708 2521 μὲν
730 2437 830 2524 ὅρους
853 2434 1045 2506 ἀπελύσατο
1069 2434 1182 2526 πάτρᾳ

386 2537 514 2602 πολλὰν
537 2539 723 2620 δυσμενέων
746 2544 806 2626 γᾶν
829 2536 1117 2623 ἆποεεμνομὲνων·

261 2644 279 2705 5
325 2640 453 2724 πρᾶτος
475 2638 503 2703 d'
523 2632 687 2705 Ἑλλάνων
709 2640 743 2707 ἐν
761 2636 931 2730 Ὀλυμπίᾳ
954 2634 1177 2727 ἐστεφανώθη

385 2733 515 2821 γυμνός,
542 2739 751 2824 ζωνννμένων
773 2745 838 2808 τῶν
861 2745 941 2830 πρίν
964 2740 1012 2808 ἐνὶ
1037 2739 1175 2827 σταδίῳ.

246 2879 376 2937 Litterae
397 2885 465 2933 sunt
486 2877 591 2937 aetatis
612 2879 801 2955 byzuntinae,
825 2882 922 2958 ipsum
947 2878 1128 2957 epigramma
1147 2877 1203 2937 etsi
1224 2894 1308 2936 namo
1326 2874 1385 2933 Or·

169 2972 248 3047 sippi
269 2980 398 3048 tempore
419 2970 470 3046 (ol.
495 2971 543 3047 15)
564 2970 673 3032 factum
693 2976 882 3045 contenderit,
903 2974 1013 3049 antiqui
1035 2982 1110 3032 certe
1133 2979 1240 3050 poetae
1265 2975 1311 3028 est
1334 2987 1385 3026 an·

171 3068 346 3144 tiquitusque
367 3066 457 3143 lapidi
478 3065 662 3140 inscriptum,
690 3074 751 3126 tum
771 3079 933 3145 temporum
953 3067 1064 3125 invidia
1082 3067 1221 3126 detritum
1239 3065 1277 3123 ab
1294 3061 1387 3122 alteru

169 3161 306 3218 Helladio
338 3163 377 3237 (v.
399 3180 426 3216 u.
446 3159 518 3234 461)
548 3163 727 3234 restitutum;
759 3162 884 3221 similem
914 3184 976 3222 rem
1006 3161 1178 3238 conparavit
1202 3157 1319 3217 Boeekh
1349 3175 1386 3214 ex

130 3266 154 3318 ‘a
169 3253 253 3314 Paus.
275 3256 315 3313 vl
337 3257 364 3325 3,
382 3256 409 3311 4.
431 3286 466 3296 -
489 3251 573 3326 Quae
593 3254 757 3315 Pausanias
778 3257 790 3315 l
813 3259 890 3329 44‚1
919 3257 1040 3316 tradidit
1062 3247 1196 3333 Κοροίβου
1222 3248 1252 3312 di
1277 3242 1386 3325 πλησίον
1419 3278 1421 3281 ·

168 3349 307 3409 τέθαπται
328 3329 495 3428 Ὄρσιππος,
520 3337 547 3415 λς
573 3350 791 3428 περιεζωσμένων
815 3350 841 3409 ἐν
867 3349 921 3420 τοῖς
947 3349 1039 3425 ἀγῶσι
1063 3338 1139 3408 sarai
1164 3340 1198 3423 λη’
1221 3370 1247 3407 τι
1273 3333 1386 3405 παλαιλν

169 3440 229 3512 ἔθος
253 3449 307 3503 τῶν
335 3442 464 3517 ἀθλητῶν
489 3439 682 3525 ἐνὈλυμπίρ
702 3438 774 3504 ἐνίκα
796 3432 904 3504 cudda
924 3434 1037 3524 λραμαλν
1059 3431 1172 3524 wasia·
1199 3433 1270 3521 φασὶ
1291 3435 1320 3498 ὄλ
1339 3429 1386 3497 κοιλ

170 3542 376 3618 στρατηγοῦντα
396 3527 508 3617 ὕστερον
527 3528 734 3618 τίν”Ορσιππον
754 3538 947 3621 ἀποτεμέσθαι
966 3526 1060 3620 χοίραν
1079 3542 1133 3597 τῶν
1146 3530 1296 3616 προςοίκων,
1315 3535 1387 3592 haee

169 3654 203 3689 ex
232 3633 296 3709 ipso
321 3634 528 3710 epigrammate
564 3633 720 3710 desumpta
745 3643 827 3708 sunt,
854 3646 882 3692 et
906 3635 1022 3711 quidem
1047 3635 1124 3693 male
1149 3630 1296 3691 intellectu
1316 3647 1343 3684 v.
1357 3628 1385 3686 4.

168 3760 205 3770 —
233 3748 279 3787 w.
304 3717 327 3784 1.
350 3727 375 3784 2.
397 3730 423 3785 5.
446 3730 463 3786 6
484 3728 570 3785 habet
590 3728 677 3784 etiam
699 3729 788 3787 schol.
813 3729 936 3805 Τλσεροί.
958 3729 970 3786 Ι
992 3729 1020 3803 6,
1041 3729 1089 3788 ubi
1109 3748 1136 3786 v.
1152 3729 1167 3786 l
1182 3725 1313 3801 Μεγαρῆς
1334 3743 1384 3800 με·

168 3821 324 3900 Ύαλίφρονι,
349 3842 374 3878 v.
391 3821 407 3877 2
422 3824 530 3901 μνῆμα,
553 3842 577 3881 v.
599 3822 617 3877 5
641 3823 746 3900 πρῶτος
770 3822 798 3883 θ’
815 3814 959 3896 Ἑλλήνων.
988 3822 1117 3882 Medium
1142 3819 1286 3880 distichon
1311 3815 1386 3874 omi·

169 3916 214 3987 sit,
237 3917 312 3973 unde
332 3915 466 3973 Iacobsio
488 3916 615 3991 suspicio
635 3925 705 3974 nata
730 3923 784 3986 est,
808 3935 932 3974 mansor
951 3920 1078 3994 spatium
1103 3935 1159 3975 eset
1184 3924 1209 3973 οε
1228 3932 1247 3969 a
1259 3910 1386 3985 falsario

170 4010 290 4083 quodam
317 4028 350 4065 es
375 4010 480 4067 duobus
501 4011 625 4067 distichis
645 4014 674 4066 in
699 4010 782 4068 schol.
808 4011 931 4088 Thueyd.
959 4011 1150 4088 superstitibus
1166 4010 1256 4085 saissa
1275 4004 1385 4062 οοπελπ·

168 4114 271 4159 autam.
314 4105 355 4160 At
376 4103 437 4161 iure
458 4105 571 4162 mireris
593 4104 682 4162 talem
703 4104 867 4178 falsarium,
894 4106 943 4182 qui
964 4105 1083 4182 quidem
1103 4124 1168 4163 eum
1187 4100 1309 4161 bellicae
1327 4099 1386 4157 vir·

170 4196 240 4253 tutis
266 4197 436 4255 memoriam
461 4216 520 4256 non
545 4199 661 4257 haurire
686 4200 832 4276 potuisset
855 4201 910 4259 nisi
936 4221 974 4259 ex
993 4198 1142 4259 Pausania
1161 4207 1258 4256 tamen
1279 4192 1386 4254 callido

168 4290 276 4349 iudicio
297 4293 413 4352 inverso
433 4313 467 4352 eo
489 4313 573 4370 quem
596 4294 759 4353 Pausanias
780 4295 948 4353 observarit
967 4313 1064 4353 rerum
1084 4292 1186 4352 ordine
1205 4289 1303 4368 priore
1321 4289 1385 4348 loeo

169 4386 203 4443 de
226 4388 394 4448 certaminis
414 4388 526 4447 ratione
545 4389 699 4465 inmutata,
719 4389 822 4449 deinde
842 4388 990 4449 desuetis
1017 4385 1133 4470 patriae
1152 4385 1259 4448 finibus
1276 4402 1386 4445 memo-
