<?xml version="1.0" encoding="UTF-8"?>
<!DOCTYPE html PUBLIC "-//W3C//DTD XHTML 1.0 Transitional//EN"
    "http://www.w3.org/TR/xhtml1/DTD/xhtml1-transitional.dtd">
<html xmlns="http://www.w3.org/1999/xhtml" xml:lang="en" lang="en">
 <head>
  <title>
</title>
<meta http-equiv="Content-Type" content="text/html;charset=utf-8" />
  <meta name='ocr-system' content='tesseract 3.04.00' />
  <meta name='ocr-capabilities' content='ocr_page ocr_carea ocr_par ocr_line ocrx_word'/>
</head>
<body>
  <div class='ocr_page' id='page_1' title='image "./epigrammatagrca01kaibgoog_0053.png"; bbox 0 0 3292 5152; ppageno 0'>
   <div class='ocr_carea' id='block_1_1' title="bbox 282 391 1078 461">
    <p class='ocr_par' dir='ltr' id='par_1_1' title="bbox 282 391 1078 461">
     <span class='ocr_line' id='line_1_1' title="bbox 282 391 1078 461; baseline 0.014 -29"><span class='ocrx_word' id='word_1_1' title='bbox 282 393 324 456; x_wconf 78' lang='lat'><strong>-24</strong></span> <span class='ocrx_word' id='word_1_2' title='bbox 697 391 894 461; x_wconf 79' lang='lat' dir='ltr'><strong>Epigrammata</strong></span> <span class='ocrx_word' id='word_1_3' title='bbox 914 391 1078 459; x_wconf 79' lang='lat' dir='ltr'><strong>sepulcralia.</strong></span> 
     </span>
    </p>
   </div>
   <div class='ocr_carea' id='block_1_2' title="bbox 283 557 1248 636">
    <p class='ocr_par' dir='ltr' id='par_1_2' title="bbox 283 557 1248 636">
     <span class='ocr_line' id='line_1_2' title="bbox 283 557 1248 636; baseline 0.001 -19"><span class='ocrx_word' id='word_1_4' title='bbox 283 558 337 617; x_wconf 73' lang='lat'><strong>⁷0.</strong></span> <span class='ocrx_word' id='word_1_5' title='bbox 380 559 456 617; x_wconf 81' lang='lat' dir='ltr'><strong>Ante</strong></span> <span class='ocrx_word' id='word_1_6' title='bbox 476 577 604 634; x_wconf 73' lang='lat' dir='ltr'><strong>mapaam</strong></span> <span class='ocrx_word' id='word_1_7' title='bbox 625 560 757 618; x_wconf 81' lang='lat' dir='ltr'><strong>Palladia</strong></span> <span class='ocrx_word' id='word_1_8' title='bbox 778 561 873 617; x_wconf 79' lang='lat' dir='ltr'><strong>oedem</strong></span> <span class='ocrx_word' id='word_1_9' title='bbox 894 557 1044 636; x_wconf 76' lang='lat' dir='ltr'><strong>Cyriacus.</strong></span> <span class='ocrx_word' id='word_1_10' title='bbox 1085 559 1116 617; x_wconf 84' lang='lat' dir='ltr'><strong>C.</strong></span> <span class='ocrx_word' id='word_1_11' title='bbox 1137 558 1161 615; x_wconf 96' lang='lat' dir='ltr'><strong>I.</strong></span> <span class='ocrx_word' id='word_1_12' title='bbox 1183 559 1248 619; x_wconf 83' lang='grc'>747.</span> 
     </span>
    </p>
   </div>
   <div class='ocr_carea' id='block_1_3' title="bbox 415 677 1373 971">
    <p class='ocr_par' dir='ltr' id='par_1_3' title="bbox 415 677 1373 971">
     <span class='ocr_line' id='line_1_3' title="bbox 527 677 1155 760; baseline 0 -15"><span class='ocrx_word' id='word_1_13' title='bbox 527 679 702 760; x_wconf 80' lang='grc' dir='ltr'><strong>Πόλυλλος</strong></span> <span class='ocrx_word' id='word_1_14' title='bbox 724 682 940 748; x_wconf 76' lang='grc' dir='ltr'>Πολολλίδοο</span> <span class='ocrx_word' id='word_1_15' title='bbox 963 677 1155 758; x_wconf 79' lang='grc' dir='ltr'>Παιανιεύς.</span> 
     </span>
     <span class='ocr_line' id='line_1_4' title="bbox 415 775 1373 870; baseline -0.005 -19"><span class='ocrx_word' id='word_1_16' title='bbox 415 780 534 867; x_wconf 77' lang='grc' dir='ltr'>Εἰκόνα</span> <span class='ocrx_word' id='word_1_17' title='bbox 557 778 645 868; x_wconf 73' lang='grc' dir='ltr'>τήνδ’</span> <span class='ocrx_word' id='word_1_18' title='bbox 660 778 805 870; x_wconf 78' lang='grc' dir='ltr'>ἀνέθηκε</span> <span class='ocrx_word' id='word_1_19' title='bbox 827 781 1068 870; x_wconf 78' lang='grc' dir='ltr'>Πολύοιηατος</span> <span class='ocrx_word' id='word_1_20' title='bbox 1090 777 1194 847; x_wconf 78' lang='grc' dir='ltr'>αὑτοῦ</span> <span class='ocrx_word' id='word_1_21' title='bbox 1216 775 1373 868; x_wconf 81' lang='grc' dir='ltr'>ἀδελφόν,</span> 
     </span>
     <span class='ocr_line' id='line_1_5' title="bbox 483 863 1224 971; baseline 0.003 -24"><span class='ocrx_word' id='word_1_22' title='bbox 483 878 695 971; x_wconf 74' lang='grc' dir='ltr'>μνημοσύνην</span> <span class='ocrx_word' id='word_1_23' title='bbox 717 887 844 970; x_wconf 74' lang='grc' dir='ltr'>θνητοῦ</span> <span class='ocrx_word' id='word_1_24' title='bbox 868 878 1022 964; x_wconf 78' lang='grc' dir='ltr'>σώματος</span> <span class='ocrx_word' id='word_1_25' title='bbox 1044 863 1224 949; x_wconf 60' lang='grc' dir='ltr'>ἀθάνατον.</span> 
     </span>
    </p>
   </div>
   <div class='ocr_carea' id='block_1_4' title="bbox 283 1010 1498 1288">
    <p class='ocr_par' dir='ltr' id='par_1_4' title="bbox 283 1010 1498 1288">
     <span class='ocr_line' id='line_1_6' title="bbox 361 1010 1497 1100; baseline 0.001 -19"><span class='ocrx_word' id='word_1_26' title='bbox 361 1023 476 1082; x_wconf 80' lang='lat' dir='ltr'><strong>Boeclrh</strong></span> <span class='ocrx_word' id='word_1_27' title='bbox 503 1031 590 1100; x_wconf 84' lang='lat' dir='ltr'><strong>negat</strong></span> <span class='ocrx_word' id='word_1_28' title='bbox 614 1021 805 1098; x_wconf 76' lang='lat' dir='ltr'>sepulcralem</span> <span class='ocrx_word' id='word_1_29' title='bbox 830 1040 893 1080; x_wconf 88' lang='lat' dir='ltr'><strong>esse</strong></span> <span class='ocrx_word' id='word_1_30' title='bbox 919 1019 1044 1077; x_wconf 89' lang='lat' dir='ltr'><strong>titulum.</strong></span> <span class='ocrx_word' id='word_1_31' title='bbox 1083 1022 1125 1077; x_wconf 88' lang='lat' dir='ltr'><strong>At</strong></span> <span class='ocrx_word' id='word_1_32' title='bbox 1145 1030 1179 1078; x_wconf 91' lang='lat' dir='ltr'><strong>et·</strong></span> <span class='ocrx_word' id='word_1_33' title='bbox 1193 1010 1351 1100; x_wconf 57' lang='grc' dir='ltr'>μνημοσύνη</span> <span class='ocrx_word' id='word_1_34' title='bbox 1371 1024 1433 1082; x_wconf 92' lang='lat' dir='ltr'><strong>eius</strong></span> <span class='ocrx_word' id='word_1_35' title='bbox 1454 1026 1497 1082; x_wconf 92' lang='lat' dir='ltr'><strong>di-</strong></span> 
     </span>
     <span class='ocr_line' id='line_1_7' title="bbox 284 1104 1498 1194; baseline 0.001 -18"><span class='ocrx_word' id='word_1_36' title='bbox 284 1120 358 1176; x_wconf 90' lang='lat' dir='ltr'><strong>citur</strong></span> <span class='ocrx_word' id='word_1_37' title='bbox 384 1118 433 1192; x_wconf 90' lang='lat' dir='ltr'><strong>qui</strong></span> <span class='ocrx_word' id='word_1_38' title='bbox 459 1125 588 1175; x_wconf 82' lang='lat' dir='ltr'><strong>mortuus</strong></span> <span class='ocrx_word' id='word_1_39' title='bbox 613 1121 657 1174; x_wconf 86' lang='lat' dir='ltr'><strong>est</strong></span> <span class='ocrx_word' id='word_1_40' title='bbox 681 1125 710 1172; x_wconf 92' lang='lat' dir='ltr'><strong>et</strong></span> <span class='ocrx_word' id='word_1_41' title='bbox 729 1116 874 1174; x_wconf 83' lang='lat' dir='ltr'><strong>adiectiva</strong></span> <span class='ocrx_word' id='word_1_42' title='bbox 893 1106 988 1188; x_wconf 66' lang='grc' dir='ltr'>θνητός</span> <span class='ocrx_word' id='word_1_43' title='bbox 1009 1120 1038 1171; x_wconf 89' lang='lat' dir='ltr'><strong>et</strong></span> <span class='ocrx_word' id='word_1_44' title='bbox 1058 1104 1196 1181; x_wconf 69' lang='lat' dir='ltr'><strong>alha&#39;vcrcc</strong></span> <span class='ocrx_word' id='word_1_45' title='bbox 1217 1115 1290 1174; x_wconf 91' lang='lat' dir='ltr'><strong>inter</strong></span> <span class='ocrx_word' id='word_1_46' title='bbox 1310 1135 1342 1175; x_wconf 92' lang='lat' dir='ltr'><strong>se</strong></span> <span class='ocrx_word' id='word_1_47' title='bbox 1362 1118 1498 1194; x_wconf 87' lang='lat' dir='ltr'><strong>opposita</strong></span> 
     </span>
     <span class='ocr_line' id='line_1_8' title="bbox 283 1207 1208 1288; baseline -0.001 -20"><span class='ocrx_word' id='word_1_48' title='bbox 283 1212 399 1288; x_wconf 88' lang='lat' dir='ltr'><strong>saepius</strong></span> <span class='ocrx_word' id='word_1_49' title='bbox 419 1212 449 1267; x_wconf 90' lang='lat' dir='ltr'><strong>iu</strong></span> <span class='ocrx_word' id='word_1_50' title='bbox 469 1209 625 1286; x_wconf 74' lang='lat' dir='ltr'><strong>epitaphiis</strong></span> <span class='ocrx_word' id='word_1_51' title='bbox 645 1208 836 1283; x_wconf 85' lang='lat' dir='ltr'><strong>reperiuntur,</strong></span> <span class='ocrx_word' id='word_1_52' title='bbox 857 1210 892 1267; x_wconf 86' lang='lat' dir='ltr'><strong>cf.</strong></span> <span class='ocrx_word' id='word_1_53' title='bbox 915 1207 1024 1268; x_wconf 88' lang='lat' dir='ltr'><strong>Simon.</strong></span> <span class='ocrx_word' id='word_1_54' title='bbox 1046 1227 1090 1283; x_wconf 90' lang='lat' dir='ltr'><strong>cp.</strong></span> <span class='ocrx_word' id='word_1_55' title='bbox 1115 1208 1208 1268; x_wconf 76' lang='lat'><strong>1233.</strong></span> 
     </span>
    </p>
   </div>
   <div class='ocr_carea' id='block_1_5' title="bbox 286 1463 1228 1542">
    <p class='ocr_par' dir='ltr' id='par_1_5' title="bbox 286 1463 1228 1542">
     <span class='ocr_line' id='line_1_9' title="bbox 286 1463 1228 1542; baseline 0 -19"><span class='ocrx_word' id='word_1_56' title='bbox 286 1464 333 1526; x_wconf 77' lang='grc'><strong>71.</strong></span> <span class='ocrx_word' id='word_1_57' title='bbox 374 1465 433 1525; x_wconf 90' lang='lat' dir='ltr'><strong>Sub</strong></span> <span class='ocrx_word' id='word_1_58' title='bbox 453 1465 624 1541; x_wconf 86' lang='lat' dir='ltr'><strong>Lycabetto.</strong></span> <span class='ocrx_word' id='word_1_59' title='bbox 664 1463 740 1534; x_wconf 82' lang='lat' dir='ltr'><strong>Rosa</strong></span> <span class='ocrx_word' id='word_1_60' title='bbox 759 1464 859 1523; x_wconf 80' lang='lat' dir='ltr'><strong>Bullet.</strong></span> <span class='ocrx_word' id='word_1_61' title='bbox 882 1465 1001 1525; x_wconf 85' lang='lat' dir='ltr'><strong>archeol.</strong></span> <span class='ocrx_word' id='word_1_62' title='bbox 1025 1465 1099 1523; x_wconf 82' lang='lat'>1840</span> <span class='ocrx_word' id='word_1_63' title='bbox 1118 1485 1147 1542; x_wconf 92' lang='lat' dir='ltr'><strong>p.</strong></span> <span class='ocrx_word' id='word_1_64' title='bbox 1165 1466 1228 1523; x_wconf 72' lang='lat'><strong>104.</strong></span> 
     </span>
    </p>
   </div>
   <div class='ocr_carea' id='block_1_6' title="bbox 350 1583 1440 2282">
    <p class='ocr_par' dir='ltr' id='par_1_6' title="bbox 350 1583 1440 2282">
     <span class='ocr_line' id='line_1_10' title="bbox 408 1583 1286 1679; baseline 0.002 -27"><span class='ocrx_word' id='word_1_65' title='bbox 408 1583 547 1655; x_wconf 78' lang='grc' dir='ltr'>Ἐνθοὶδε</span> <span class='ocrx_word' id='word_1_66' title='bbox 571 1590 787 1679; x_wconf 81' lang='grc' dir='ltr'>[Π]υθοκλῆς</span> <span class='ocrx_word' id='word_1_67' title='bbox 810 1596 918 1656; x_wconf 80' lang='grc' dir='ltr'>κεῖται</span> <span class='ocrx_word' id='word_1_68' title='bbox 942 1590 1102 1656; x_wconf 77' lang='grc' dir='ltr'>πολλοῖσι</span> <span class='ocrx_word' id='word_1_69' title='bbox 1124 1587 1286 1667; x_wconf 73' lang='grc' dir='ltr'>ποθεινός</span> 
     </span>
     <span class='ocr_line' id='line_1_11' title="bbox 480 1684 1208 1777; baseline 0 -23"><span class='ocrx_word' id='word_1_70' title='bbox 480 1689 537 1755; x_wconf 83' lang='grc' dir='ltr'><strong>καὶ</strong></span> <span class='ocrx_word' id='word_1_71' title='bbox 559 1685 709 1777; x_wconf 77' lang='grc' dir='ltr'>Σάτυρος</span> <span class='ocrx_word' id='word_1_72' title='bbox 732 1690 804 1768; x_wconf 81' lang='grc' dir='ltr'>νέος</span> <span class='ocrx_word' id='word_1_73' title='bbox 827 1684 871 1755; x_wconf 76' lang='grc' dir='ltr'>ὢν</span> <span class='ocrx_word' id='word_1_74' title='bbox 893 1687 985 1772; x_wconf 77' lang='grc' dir='ltr'>ἔσχεν</span> <span class='ocrx_word' id='word_1_75' title='bbox 1008 1689 1208 1773; x_wconf 77' lang='grc' dir='ltr'>ἐπωνυμίαν.</span> 
     </span>
     <span class='ocr_line' id='line_1_12' title="bbox 411 1783 1321 1878; baseline 0.002 -23"><span class='ocrx_word' id='word_1_76' title='bbox 411 1795 493 1868; x_wconf 78' lang='grc' dir='ltr'>παῖς</span> <span class='ocrx_word' id='word_1_77' title='bbox 515 1786 785 1876; x_wconf 75' lang='grc' dir='ltr'>δ’Ἡρακλείδον,</span> <span class='ocrx_word' id='word_1_78' title='bbox 808 1791 935 1878; x_wconf 80' lang='grc' dir='ltr'>μητρὸς</span> <span class='ocrx_word' id='word_1_79' title='bbox 958 1792 994 1858; x_wconf 85' lang='grc' dir='ltr'><strong>δὲ</strong></span> <span class='ocrx_word' id='word_1_80' title='bbox 1013 1783 1226 1877; x_wconf 73' lang='grc' dir='ltr'>Ἀριαστίδος</span> <span class='ocrx_word' id='word_1_81' title='bbox 1248 1791 1321 1857; x_wconf 80' lang='grc' dir='ltr'><em>ἐστι’</em></span> 
     </span>
     <span class='ocr_line' id='line_1_13' title="bbox 480 1886 1309 1979; baseline -0.001 -24"><span class='ocrx_word' id='word_1_82' title='bbox 480 1893 617 1979; x_wconf 55' lang='lat' dir='ltr'><strong>manus·</strong></span> <span class='ocrx_word' id='word_1_83' title='bbox 639 1892 676 1957; x_wconf 79' lang='grc' dir='ltr'><strong>δέ</strong></span> <span class='ocrx_word' id='word_1_84' title='bbox 698 1892 769 1958; x_wconf 80' lang='grc' dir='ltr'><em>ἐστι</em></span> <span class='ocrx_word' id='word_1_85' title='bbox 783 1886 928 1977; x_wconf 76' lang='grc' dir='ltr'>’Ἔφεσος</span> <span class='ocrx_word' id='word_1_86' title='bbox 951 1886 1145 1977; x_wconf 79' lang='grc' dir='ltr'>κλεινοτάτη</span> <span class='ocrx_word' id='word_1_87' title='bbox 1168 1888 1309 1961; x_wconf 81' lang='grc' dir='ltr'>πόλεων,</span> 
     </span>
     <span class='ocr_line' id='line_1_14' title="bbox 350 1990 1440 2081; baseline -0.002 -22"><span class='ocrx_word' id='word_1_88' title='bbox 350 1998 370 2059; x_wconf 79' lang='grc'><strong>5</strong></span> <span class='ocrx_word' id='word_1_89' title='bbox 413 1994 584 2078; x_wconf 77' lang='grc' dir='ltr'>θοεφθεὶς</span> <span class='ocrx_word' id='word_1_90' title='bbox 607 1996 635 2057; x_wconf 82' lang='grc' dir='ltr'><strong>δ’</strong></span> <span class='ocrx_word' id='word_1_91' title='bbox 648 1993 681 2058; x_wconf 87' lang='grc' dir='ltr'>ἑν</span> <span class='ocrx_word' id='word_1_92' title='bbox 703 1993 801 2074; x_wconf 84' lang='grc' dir='ltr'>χθονὶ</span> <span class='ocrx_word' id='word_1_93' title='bbox 823 1995 917 2079; x_wconf 73' lang='grc' dir='ltr'><strong>τηιὸε</strong></span> <span class='ocrx_word' id='word_1_94' title='bbox 941 1990 1041 2057; x_wconf 84' lang='grc' dir='ltr'>θάνεν</span> <span class='ocrx_word' id='word_1_95' title='bbox 1062 1995 1148 2076; x_wconf 79' lang='grc' dir='ltr'>μέγα</span> <span class='ocrx_word' id='word_1_96' title='bbox 1171 1996 1267 2078; x_wconf 77' lang='grc' dir='ltr'>πῆμα</span> <span class='ocrx_word' id='word_1_97' title='bbox 1291 1995 1440 2081; x_wconf 82' lang='grc' dir='ltr'>φίλοιο[ι</span> 
     </span>
     <span class='ocr_line' id='line_1_15' title="bbox 480 2089 1272 2181; baseline 0.006 -24"><span class='ocrx_word' id='word_1_98' title='bbox 480 2098 536 2181; x_wconf 78' lang='grc' dir='ltr'><strong>τῆν</strong></span> <span class='ocrx_word' id='word_1_99' title='bbox 558 2119 593 2159; x_wconf 83' lang='grc' dir='ltr'><strong>τε</strong></span> <span class='ocrx_word' id='word_1_100' title='bbox 616 2089 812 2180; x_wconf 77' lang='grc' dir='ltr'>κασιγνηνηι</span> <span class='ocrx_word' id='word_1_101' title='bbox 836 2093 965 2159; x_wconf 80' lang='grc' dir='ltr'>πένθεα</span> <span class='ocrx_word' id='word_1_102' title='bbox 988 2093 1132 2157; x_wconf 79' lang='grc' dir='ltr'><strong>πλεῖστα</strong></span> <span class='ocrx_word' id='word_1_103' title='bbox 1154 2092 1272 2162; x_wconf 79' lang='grc' dir='ltr'>λιπών.</span> 
     </span>
     <span class='ocr_line' id='line_1_16' title="bbox 636 2194 1057 2282; baseline 0.01 -24"><span class='ocrx_word' id='word_1_104' title='bbox 636 2194 816 2282; x_wconf 80' lang='grc' dir='ltr'><strong>Αριαστίς.</strong></span> <span class='ocrx_word' id='word_1_105' title='bbox 863 2194 1057 2281; x_wconf 75' lang='grc' dir='ltr'>Πυθοκλῆς.</span> 
     </span>
    </p>
   </div>
   <div class='ocr_carea' id='block_1_7' title="bbox 289 2324 1505 3049">
    <p class='ocr_par' dir='ltr' id='par_1_7' title="bbox 289 2324 1505 3049">
     <span class='ocr_line' id='line_1_17' title="bbox 366 2324 1501 2411; baseline 0.004 -23"><span class='ocrx_word' id='word_1_106' title='bbox 366 2350 397 2389; x_wconf 88' lang='lat' dir='ltr'><strong>rv</strong></span> <span class='ocrx_word' id='word_1_107' title='bbox 422 2351 495 2391; x_wconf 90' lang='lat' dir='ltr'><strong>saec.</strong></span> <span class='ocrx_word' id='word_1_108' title='bbox 545 2356 556 2390; x_wconf 87' lang='lat' dir='ltr'><strong>c</strong></span> <span class='ocrx_word' id='word_1_109' title='bbox 582 2353 635 2409; x_wconf 92' lang='lat' dir='ltr'><strong>pro</strong></span> <span class='ocrx_word' id='word_1_110' title='bbox 661 2356 691 2391; x_wconf 84' lang='lat' dir='ltr'><strong>cu</strong></span> <span class='ocrx_word' id='word_1_111' title='bbox 717 2333 867 2408; x_wconf 86' lang='lat' dir='ltr'><strong>scriptum,</strong></span> <span class='ocrx_word' id='word_1_112' title='bbox 892 2354 904 2389; x_wconf 84' lang='grc' dir='ltr'><em>ε</em></span> <span class='ocrx_word' id='word_1_113' title='bbox 925 2351 979 2408; x_wconf 91' lang='lat' dir='ltr'><strong>pro</strong></span> <span class='ocrx_word' id='word_1_114' title='bbox 1001 2354 1022 2389; x_wconf 81' lang='grc' dir='ltr'><strong>ει</strong></span> <span class='ocrx_word' id='word_1_115' title='bbox 1043 2331 1075 2389; x_wconf 92' lang='lat' dir='ltr'><strong>in</strong></span> <span class='ocrx_word' id='word_1_116' title='bbox 1096 2330 1217 2411; x_wconf 77' lang='grc' dir='ltr'>θρεφθές</span> <span class='ocrx_word' id='word_1_117' title='bbox 1238 2339 1267 2391; x_wconf 90' lang='lat' dir='ltr'><strong>et</strong></span> <span class='ocrx_word' id='word_1_118' title='bbox 1287 2324 1443 2408; x_wconf 69' lang='grc' dir='ltr'>κλενοτνίτη.</span> <span class='ocrx_word' id='word_1_119' title='bbox 1466 2368 1501 2377; x_wconf 91' lang='grc'><strong>-</strong></span> 
     </span>
     <span class='ocr_line' id='line_1_18' title="bbox 295 2425 1504 2502; baseline 0.002 -19"><span class='ocrx_word' id='word_1_120' title='bbox 295 2425 447 2502; x_wconf 81' lang='lat' dir='ltr'><strong>Pythoclea</strong></span> <span class='ocrx_word' id='word_1_121' title='bbox 467 2445 539 2502; x_wconf 90' lang='lat' dir='ltr'><strong>puer</strong></span> <span class='ocrx_word' id='word_1_122' title='bbox 559 2426 669 2502; x_wconf 80' lang='lat' dir='ltr'><strong>Ephesi</strong></span> <span class='ocrx_word' id='word_1_123' title='bbox 690 2434 773 2483; x_wconf 88' lang='lat' dir='ltr'><strong>natue</strong></span> <span class='ocrx_word' id='word_1_124' title='bbox 794 2425 917 2484; x_wconf 86' lang='lat' dir='ltr'><strong>Athenis</strong></span> <span class='ocrx_word' id='word_1_125' title='bbox 938 2427 1013 2484; x_wconf 88' lang='lat' dir='ltr'><strong>altus</strong></span> <span class='ocrx_word' id='word_1_126' title='bbox 1033 2437 1061 2483; x_wconf 89' lang='lat' dir='ltr'><strong>et</strong></span> <span class='ocrx_word' id='word_1_127' title='bbox 1080 2426 1219 2485; x_wconf 81' lang='lat' dir='ltr'><strong>educatus</strong></span> <span class='ocrx_word' id='word_1_128' title='bbox 1239 2433 1296 2499; x_wconf 86' lang='lat' dir='ltr'><strong>est;</strong></span> <span class='ocrx_word' id='word_1_129' title='bbox 1317 2449 1422 2488; x_wconf 90' lang='lat' dir='ltr'><strong>nomen</strong></span> <span class='ocrx_word' id='word_1_130' title='bbox 1436 2430 1504 2487; x_wconf 88' lang='lat' dir='ltr'><strong>sub·</strong></span> 
     </span>
     <span class='ocr_line' id='line_1_19' title="bbox 291 2513 1504 2600; baseline 0.003 -22"><span class='ocrx_word' id='word_1_131' title='bbox 291 2522 434 2596; x_wconf 88' lang='lat' dir='ltr'><strong>scriptum</strong></span> <span class='ocrx_word' id='word_1_132' title='bbox 451 2513 592 2597; x_wconf 69' lang='lat' dir='ltr'><strong>‘Aprecrlc</strong></span> <span class='ocrx_word' id='word_1_133' title='bbox 613 2521 638 2577; x_wconf 89' lang='lat' dir='ltr'><strong>si</strong></span> <span class='ocrx_word' id='word_1_134' title='bbox 658 2520 765 2578; x_wconf 83' lang='lat' dir='ltr'><strong>sororia</strong></span> <span class='ocrx_word' id='word_1_135' title='bbox 786 2527 839 2592; x_wconf 83' lang='lat' dir='ltr'><strong>est,</strong></span> <span class='ocrx_word' id='word_1_136' title='bbox 859 2531 942 2596; x_wconf 87' lang='lat' dir='ltr'><strong>pater</strong></span> <span class='ocrx_word' id='word_1_137' title='bbox 961 2526 1120 2596; x_wconf 89' lang='lat' dir='ltr'><strong>materque,</strong></span> <span class='ocrx_word' id='word_1_138' title='bbox 1141 2522 1166 2578; x_wconf 85' lang='lat' dir='ltr'><strong>si</strong></span> <span class='ocrx_word' id='word_1_139' title='bbox 1187 2521 1297 2595; x_wconf 86' lang='lat' dir='ltr'><strong>matris,</strong></span> <span class='ocrx_word' id='word_1_140' title='bbox 1319 2530 1402 2600; x_wconf 84' lang='lat' dir='ltr'><strong>pater</strong></span> <span class='ocrx_word' id='word_1_141' title='bbox 1422 2523 1504 2599; x_wconf 89' lang='lat' dir='ltr'><strong>prior</strong></span> 
     </span>
     <span class='ocr_line' id='line_1_20' title="bbox 290 2614 1504 2694; baseline 0.002 -24"><span class='ocrx_word' id='word_1_142' title='bbox 290 2615 397 2673; x_wconf 89' lang='lat' dir='ltr'><strong>obiisse</strong></span> <span class='ocrx_word' id='word_1_143' title='bbox 417 2615 560 2691; x_wconf 87' lang='lat' dir='ltr'><strong>putandus</strong></span> <span class='ocrx_word' id='word_1_144' title='bbox 581 2625 633 2674; x_wconf 88' lang='lat' dir='ltr'><strong>est.</strong></span> <span class='ocrx_word' id='word_1_145' title='bbox 674 2616 713 2672; x_wconf 86' lang='lat' dir='ltr'><strong>Et</strong></span> <span class='ocrx_word' id='word_1_146' title='bbox 733 2614 846 2673; x_wconf 88' lang='lat' dir='ltr'><strong>dicendi</strong></span> <span class='ocrx_word' id='word_1_147' title='bbox 868 2625 896 2672; x_wconf 88' lang='lat' dir='ltr'><strong>et</strong></span> <span class='ocrx_word' id='word_1_148' title='bbox 916 2615 1055 2672; x_wconf 83' lang='lat' dir='ltr'><strong>sentiendi</strong></span> <span class='ocrx_word' id='word_1_149' title='bbox 1077 2633 1166 2691; x_wconf 83' lang='lat' dir='ltr'><strong>genus</strong></span> <span class='ocrx_word' id='word_1_150' title='bbox 1184 2617 1317 2674; x_wconf 80' lang='lat' dir='ltr'><strong>Atticum</strong></span> <span class='ocrx_word' id='word_1_151' title='bbox 1337 2617 1433 2694; x_wconf 78' lang='lat' dir='ltr'><strong>prodit</strong></span> <span class='ocrx_word' id='word_1_152' title='bbox 1452 2636 1504 2694; x_wconf 90' lang='lat' dir='ltr'><strong>po-</strong></span> 
     </span>
     <span class='ocr_line' id='line_1_21' title="bbox 289 2707 1504 2787; baseline 0.005 -23"><span class='ocrx_word' id='word_1_153' title='bbox 289 2715 378 2766; x_wconf 86' lang='lat' dir='ltr'><strong>etam.</strong></span> <span class='ocrx_word' id='word_1_154' title='bbox 401 2740 436 2750; x_wconf 89' lang='lat'><em>-</em></span> <span class='ocrx_word' id='word_1_155' title='bbox 458 2707 476 2765; x_wconf 78' lang='lat'><strong>2</strong></span> <span class='ocrx_word' id='word_1_156' title='bbox 496 2708 571 2767; x_wconf 86' lang='lat' dir='ltr'><strong>Roas</strong></span> <span class='ocrx_word' id='word_1_157' title='bbox 591 2709 757 2767; x_wconf 89' lang='lat' dir='ltr'><strong>defunctum</strong></span> <span class='ocrx_word' id='word_1_158' title='bbox 777 2727 843 2766; x_wconf 91' lang='lat' dir='ltr'><strong>cum</strong></span> <span class='ocrx_word' id='word_1_159' title='bbox 863 2729 934 2786; x_wconf 86' lang='lat' dir='ltr'><strong>puer</strong></span> <span class='ocrx_word' id='word_1_160' title='bbox 954 2717 1030 2767; x_wconf 86' lang='lat' dir='ltr'><strong>esset</strong></span> <span class='ocrx_word' id='word_1_161' title='bbox 1050 2708 1198 2784; x_wconf 81' lang='lat' dir='ltr'><strong>Satyrum,</strong></span> <span class='ocrx_word' id='word_1_162' title='bbox 1219 2720 1321 2785; x_wconf 88' lang='lat' dir='ltr'><strong>postea</strong></span> <span class='ocrx_word' id='word_1_163' title='bbox 1334 2711 1504 2787; x_wconf 83' lang='lat' dir='ltr'><strong>Pythoclem</strong></span> 
     </span>
     <span class='ocr_line' id='line_1_22' title="bbox 291 2799 1505 2881; baseline 0.003 -23"><span class='ocrx_word' id='word_1_164' title='bbox 291 2801 470 2859; x_wconf 86' lang='lat' dir='ltr'><strong>nominatum</strong></span> <span class='ocrx_word' id='word_1_165' title='bbox 492 2804 650 2875; x_wconf 80' lang='lat' dir='ltr'><strong>existimat,</strong></span> <span class='ocrx_word' id='word_1_166' title='bbox 671 2803 749 2878; x_wconf 90' lang='lat' dir='ltr'><strong>quod</strong></span> <span class='ocrx_word' id='word_1_167' title='bbox 769 2804 939 2879; x_wconf 88' lang='lat' dir='ltr'><strong>reprobatur</strong></span> <span class='ocrx_word' id='word_1_168' title='bbox 959 2802 1068 2860; x_wconf 84' lang='lat' dir='ltr'><strong>aoristo</strong></span> <span class='ocrx_word' id='word_1_169' title='bbox 1090 2799 1168 2881; x_wconf 79' lang='grc' dir='ltr'>ἔσχεν</span> <span class='ocrx_word' id='word_1_170' title='bbox 1188 2822 1215 2859; x_wconf 84' lang='grc' dir='ltr'>ν.</span> <span class='ocrx_word' id='word_1_171' title='bbox 1230 2803 1257 2861; x_wconf 74' lang='lat'><strong>2.</strong></span> <span class='ocrx_word' id='word_1_172' title='bbox 1288 2803 1431 2862; x_wconf 84' lang='lat' dir='ltr'><strong>Vtebatur</strong></span> <span class='ocrx_word' id='word_1_173' title='bbox 1451 2803 1505 2865; x_wconf 86' lang='lat' dir='ltr'><strong>Sa-</strong></span> 
     </span>
     <span class='ocr_line' id='line_1_23' title="bbox 292 2896 1505 2974; baseline 0.006 -24"><span class='ocrx_word' id='word_1_174' title='bbox 292 2904 359 2970; x_wconf 86' lang='lat' dir='ltr'><strong>tyro</strong></span> <span class='ocrx_word' id='word_1_175' title='bbox 380 2906 570 2972; x_wconf 83' lang='lat' dir='ltr'><strong>cognomento</strong></span> <span class='ocrx_word' id='word_1_176' title='bbox 591 2897 686 2955; x_wconf 89' lang='lat' dir='ltr'><strong>nescio</strong></span> <span class='ocrx_word' id='word_1_177' title='bbox 700 2915 787 2972; x_wconf 90' lang='lat' dir='ltr'><strong>quam</strong></span> <span class='ocrx_word' id='word_1_178' title='bbox 802 2896 839 2953; x_wconf 93' lang='lat' dir='ltr'><strong>ob</strong></span> <span class='ocrx_word' id='word_1_179' title='bbox 854 2914 971 2954; x_wconf 83' lang='lat' dir='ltr'><strong>caueam</strong></span> <span class='ocrx_word' id='word_1_180' title='bbox 986 2896 1011 2954; x_wconf 90' lang='lat' dir='ltr'><strong>ci</strong></span> <span class='ocrx_word' id='word_1_181' title='bbox 1025 2896 1125 2955; x_wconf 83' lang='lat' dir='ltr'><strong>indito.</strong></span> <span class='ocrx_word' id='word_1_182' title='bbox 1157 2896 1200 2957; x_wconf 84' lang='lat' dir='ltr'><strong>cf.</strong></span> <span class='ocrx_word' id='word_1_183' title='bbox 1216 2899 1304 2956; x_wconf 86' lang='lat' dir='ltr'><strong>Anth.</strong></span> <span class='ocrx_word' id='word_1_184' title='bbox 1319 2900 1395 2974; x_wconf 81' lang='lat' dir='ltr'><strong>App.</strong></span> <span class='ocrx_word' id='word_1_185' title='bbox 1410 2899 1505 2957; x_wconf 83' lang='lat'><strong>34.-</strong></span> 
     </span>
     <span class='ocr_line' id='line_1_24' title="bbox 291 2989 633 3049; baseline 0.009 -3"><span class='ocrx_word' id='word_1_186' title='bbox 291 2989 309 3046; x_wconf 81' lang='lat'><strong>5</strong></span> <span class='ocrx_word' id='word_1_187' title='bbox 330 2989 459 3047; x_wconf 87' lang='lat' dir='ltr'><strong>clausula</strong></span> <span class='ocrx_word' id='word_1_188' title='bbox 478 2991 633 3049; x_wconf 86' lang='lat' dir='ltr'><strong>homerica.</strong></span> 
     </span>
    </p>
   </div>
   <div class='ocr_carea' id='block_1_8' title="bbox 291 3268 1471 3485">
    <p class='ocr_par' dir='ltr' id='par_1_8' title="bbox 291 3268 1471 3485">
     <span class='ocr_line' id='line_1_25' title="bbox 291 3268 1293 3332; baseline 0.005 -5"><span class='ocrx_word' id='word_1_189' title='bbox 291 3268 342 3327; x_wconf 76' lang='lat'><strong>72.</strong></span> <span class='ocrx_word' id='word_1_190' title='bbox 382 3269 454 3328; x_wconf 88' lang='lat' dir='ltr'><strong>Loci</strong></span> <span class='ocrx_word' id='word_1_191' title='bbox 474 3271 585 3329; x_wconf 86' lang='lat' dir='ltr'><strong>incert&#39;.</strong></span> <span class='ocrx_word' id='word_1_192' title='bbox 625 3271 658 3328; x_wconf 91' lang='lat' dir='ltr'><strong>In</strong></span> <span class='ocrx_word' id='word_1_193' title='bbox 679 3290 779 3331; x_wconf 88' lang='lat' dir='ltr'><strong>museo</strong></span> <span class='ocrx_word' id='word_1_194' title='bbox 800 3271 905 3331; x_wconf 86' lang='lat' dir='ltr'><strong>Athen.</strong></span> <span class='ocrx_word' id='word_1_195' title='bbox 927 3272 1019 3331; x_wconf 85' lang='lat' dir='ltr'><strong>descr.</strong></span> <span class='ocrx_word' id='word_1_196' title='bbox 1040 3269 1163 3332; x_wconf 85' lang='lat' dir='ltr'><strong>Cuman.</strong></span> <span class='ocrx_word' id='word_1_197' title='bbox 1185 3274 1293 3332; x_wconf 84' lang='lat' dir='ltr'><strong>3391b.</strong></span> 
     </span>
     <span class='ocr_line' id='line_1_26' title="bbox 422 3390 1471 3485; baseline 0.002 -28"><span class='ocrx_word' id='word_1_198' title='bbox 422 3394 622 3482; x_wconf 70' lang='lat' dir='ltr'><strong>cop&#39;drpop</strong></span> <span class='ocrx_word' id='word_1_199' title='bbox 650 3390 917 3482; x_wconf 53' lang='lat' dir='ltr'><strong>demophoon</strong></span> <span class='ocrx_word' id='word_1_200' title='bbox 938 3392 988 3460; x_wconf 77' lang='grc' dir='ltr'><strong>ὅδ’</strong></span> <span class='ocrx_word' id='word_1_201' title='bbox 1002 3391 1067 3478; x_wconf 72' lang='grc' dir='ltr'><em>ἔχει</em></span> <span class='ocrx_word' id='word_1_202' title='bbox 1089 3391 1199 3482; x_wconf 81' lang='grc' dir='ltr'>τάφος</span> <span class='ocrx_word' id='word_1_203' title='bbox 1220 3392 1471 3485; x_wconf 73' lang='grc' dir='ltr'>ἀνφικαλύψας.</span> 
     </span>
    </p>
   </div>
   <div class='ocr_carea' id='block_1_9' title="bbox 369 3533 1264 3611">
    <p class='ocr_par' dir='ltr' id='par_1_9' title="bbox 369 3533 1264 3611">
     <span class='ocr_line' id='line_1_27' title="bbox 369 3533 1264 3611; baseline 0.004 -22"><span class='ocrx_word' id='word_1_204' title='bbox 369 3551 401 3590; x_wconf 87' lang='lat' dir='ltr'><strong>rv</strong></span> <span class='ocrx_word' id='word_1_205' title='bbox 421 3551 495 3591; x_wconf 86' lang='lat' dir='ltr'><strong>saec.</strong></span> <span class='ocrx_word' id='word_1_206' title='bbox 536 3547 559 3590; x_wconf 93' lang='lat'><em>0</em></span> <span class='ocrx_word' id='word_1_207' title='bbox 578 3552 633 3609; x_wconf 90' lang='lat' dir='ltr'><strong>pro</strong></span> <span class='ocrx_word' id='word_1_208' title='bbox 654 3549 694 3592; x_wconf 82' lang='lat' dir='ltr'><strong>or</strong></span> <span class='ocrx_word' id='word_1_209' title='bbox 716 3534 866 3610; x_wconf 88' lang='lat' dir='ltr'><strong>scriptum.</strong></span> <span class='ocrx_word' id='word_1_210' title='bbox 887 3566 924 3575; x_wconf 95' lang='lat'>-</span> <span class='ocrx_word' id='word_1_211' title='bbox 946 3533 1047 3611; x_wconf 89' lang='lat' dir='ltr'><strong>Suppl.</strong></span> <span class='ocrx_word' id='word_1_212' title='bbox 1070 3536 1264 3597; x_wconf 85' lang='lat' dir='ltr'><strong>Cumanudes.</strong></span> 
     </span>
    </p>
   </div>
   <div class='ocr_carea' id='block_1_10' title="bbox 295 3810 1371 4125">
    <p class='ocr_par' dir='ltr' id='par_1_10' title="bbox 295 3810 1371 4125">
     <span class='ocr_line' id='line_1_28' title="bbox 295 3810 823 3874; baseline -0.006 -3"><span class='ocrx_word' id='word_1_213' title='bbox 295 3812 347 3874; x_wconf 78' lang='lat'><strong>7³.</strong></span> <span class='ocrx_word' id='word_1_214' title='bbox 387 3813 421 3872; x_wconf 92' lang='lat' dir='ltr'><strong>ln</strong></span> <span class='ocrx_word' id='word_1_215' title='bbox 442 3814 555 3873; x_wconf 85' lang='lat' dir='ltr'><strong>Piraeo.</strong></span> <span class='ocrx_word' id='word_1_216' title='bbox 597 3811 716 3872; x_wconf 81' lang='lat' dir='ltr'><strong>Cuman.</strong></span> <span class='ocrx_word' id='word_1_217' title='bbox 738 3810 823 3869; x_wconf 72' lang='lat'><strong>2961.</strong></span> 
     </span>
     <span class='ocr_line' id='line_1_29' title="bbox 414 3933 1371 4024; baseline 0.002 -23"><span class='ocrx_word' id='word_1_218' title='bbox 414 3934 614 4019; x_wconf 82' lang='grc' dir='ltr'>Ἀνθεμίόος</span> <span class='ocrx_word' id='word_1_219' title='bbox 635 3935 712 4003; x_wconf 77' lang='grc' dir='ltr'><strong><em>τόδε</em></strong></span> <span class='ocrx_word' id='word_1_220' title='bbox 736 3939 827 4022; x_wconf 76' lang='grc' dir='ltr'>σῆμα</span> <span class='ocrx_word' id='word_1_221' title='bbox 849 3933 973 4001; x_wconf 73' lang='lat' dir='ltr'><strong>udatur</strong></span> <span class='ocrx_word' id='word_1_222' title='bbox 995 3941 1217 4022; x_wconf 78' lang='grc' dir='ltr'>στεφανοῦσιν</span> <span class='ocrx_word' id='word_1_223' title='bbox 1240 3936 1371 4024; x_wconf 72' lang='grc' dir='ltr'>ἑταῖροι</span> 
     </span>
     <span class='ocr_line' id='line_1_30' title="bbox 536 4030 1229 4125; baseline 0.001 -23"><span class='ocrx_word' id='word_1_224' title='bbox 536 4038 712 4124; x_wconf 80' lang='grc' dir='ltr'>μνημείων,</span> <span class='ocrx_word' id='word_1_225' title='bbox 737 4030 857 4124; x_wconf 79' lang='grc' dir='ltr'>ἀρετῆς</span> <span class='ocrx_word' id='word_1_226' title='bbox 880 4035 999 4102; x_wconf 71' lang='grc' dir='ltr'>οὕνεκα</span> <span class='ocrx_word' id='word_1_227' title='bbox 1022 4042 1078 4104; x_wconf 83' lang='grc' dir='ltr'><strong>καὶ</strong></span> <span class='ocrx_word' id='word_1_228' title='bbox 1102 4039 1229 4125; x_wconf 83' lang='grc' dir='ltr'>φιλίας.</span> 
     </span>
    </p>
   </div>
   <div class='ocr_carea' id='block_1_11' title="bbox 296 4175 1509 4445">
    <p class='ocr_par' dir='ltr' id='par_1_11' title="bbox 296 4175 1509 4445">
     <span class='ocr_line' id='line_1_31' title="bbox 370 4175 1509 4253; baseline 0.003 -18"><span class='ocrx_word' id='word_1_229' title='bbox 370 4176 598 4253; x_wconf 83' lang='lat' dir='ltr'><strong>Intellegendum</strong></span> <span class='ocrx_word' id='word_1_230' title='bbox 620 4176 663 4235; x_wconf 87' lang='lat' dir='ltr'><strong>sic</strong></span> <span class='ocrx_word' id='word_1_231' title='bbox 684 4175 743 4234; x_wconf 87' lang='lat' dir='ltr'><strong>fere</strong></span> <span class='ocrx_word' id='word_1_232' title='bbox 763 4176 890 4235; x_wconf 82' lang='lat' dir='ltr'><strong>ridetur:</strong></span> <span class='ocrx_word' id='word_1_233' title='bbox 905 4179 993 4250; x_wconf 76' lang='lat' dir='ltr'><strong>storea</strong></span> <span class='ocrx_word' id='word_1_234' title='bbox 1014 4187 1037 4234; x_wconf 83' lang='lat' dir='ltr'><strong>et</strong></span> <span class='ocrx_word' id='word_1_235' title='bbox 1056 4187 1131 4235; x_wconf 81' lang='lat' dir='ltr'><strong>serta</strong></span> <span class='ocrx_word' id='word_1_236' title='bbox 1150 4180 1308 4252; x_wconf 80' lang='lat' dir='ltr'><strong>imponunt,</strong></span> <span class='ocrx_word' id='word_1_237' title='bbox 1333 4191 1509 4238; x_wconf 83' lang='lat' dir='ltr'><strong>monumenta</strong></span> 
     </span>
     <span class='ocr_line' id='line_1_32' title="bbox 297 4270 1507 4351; baseline 0.003 -23"><span class='ocrx_word' id='word_1_238' title='bbox 297 4290 368 4346; x_wconf 79' lang='lat' dir='ltr'><strong>quae</strong></span> <span class='ocrx_word' id='word_1_239' title='bbox 388 4275 442 4328; x_wconf 81' lang='lat' dir='ltr'><strong>aiat</strong></span> <span class='ocrx_word' id='word_1_240' title='bbox 463 4281 490 4328; x_wconf 82' lang='lat' dir='ltr'><strong>et</strong></span> <span class='ocrx_word' id='word_1_241' title='bbox 508 4275 616 4329; x_wconf 75' lang='lat' dir='ltr'><strong>virtrar&#39;a</strong></span> <span class='ocrx_word' id='word_1_242' title='bbox 638 4272 760 4347; x_wconf 71' lang='lat' dir='ltr'><strong>defuncti</strong></span> <span class='ocrx_word' id='word_1_243' title='bbox 779 4279 805 4327; x_wconf 86' lang='lat' dir='ltr'><strong>ct</strong></span> <span class='ocrx_word' id='word_1_244' title='bbox 824 4275 999 4345; x_wconf 72' lang='lat' dir='ltr'><strong>superstitum</strong></span> <span class='ocrx_word' id='word_1_245' title='bbox 1019 4274 1164 4332; x_wconf 79' lang='lat' dir='ltr'><strong>amicitiae.</strong></span> <span class='ocrx_word' id='word_1_246' title='bbox 1196 4270 1427 4350; x_wconf 69' lang='grc' dir='ltr'>στεφανοῦνταί</span> <span class='ocrx_word' id='word_1_247' title='bbox 1447 4274 1507 4351; x_wconf 87' lang='lat' dir='ltr'><strong>(vel</strong></span> 
     </span>
     <span class='ocr_line' id='line_1_33' title="bbox 296 4363 1304 4445; baseline 0.002 -20"><span class='ocrx_word' id='word_1_248' title='bbox 296 4365 334 4445; x_wconf 77' lang='lat' dir='ltr'><strong>rr)</strong></span> <span class='ocrx_word' id='word_1_249' title='bbox 354 4385 420 4434; x_wconf 73' lang='grc' dir='ltr'>τινος</span> <span class='ocrx_word' id='word_1_250' title='bbox 442 4365 583 4425; x_wconf 87' lang='lat' dir='ltr'><strong>recentior</strong></span> <span class='ocrx_word' id='word_1_251' title='bbox 602 4374 646 4427; x_wconf 84' lang='lat' dir='ltr'><strong>est</strong></span> <span class='ocrx_word' id='word_1_252' title='bbox 665 4371 824 4438; x_wconf 84' lang='lat' dir='ltr'><strong>structura,</strong></span> <span class='ocrx_word' id='word_1_253' title='bbox 845 4363 913 4423; x_wconf 92' lang='lat' dir='ltr'><strong>huic</strong></span> <span class='ocrx_word' id='word_1_254' title='bbox 932 4374 1029 4424; x_wconf 84' lang='lat' dir='ltr'><strong>tamen</strong></span> <span class='ocrx_word' id='word_1_255' title='bbox 1049 4365 1114 4425; x_wconf 90' lang='lat' dir='ltr'><strong>loco</strong></span> <span class='ocrx_word' id='word_1_256' title='bbox 1133 4366 1304 4427; x_wconf 78' lang='lat' dir='ltr'><strong>necessaria.</strong></span> 
     </span>
    </p>
   </div>
   <div class='ocr_carea' id='block_1_12' title="bbox 0 0 1650 5152">
    <p class='ocr_par' dir='ltr' id='par_1_12' title="bbox 0 0 1650 5152">
     <span class='ocr_line' id='line_1_34' title="bbox 0 0 1650 5152; baseline 0 0"><span class='ocrx_word' id='word_1_257' title='bbox 0 0 1650 5152; x_wconf 95' lang='lat' dir='ltr'><strong> </strong></span> 
     </span>
    </p>
   </div>
  </div>
 </body>
</html>
