3262 5152
680 391 725 444 IV.
752 390 883 447 Graecias.

175 561 215 628 15
259 551 321 622 οὐκ
346 549 431 644 ἤμην
452 552 629 644 ἔμπροσθε
653 557 758 624 πολὺν
778 553 904 645 χρόνον,
929 549 988 624 εἶτ’
1011 555 1173 646 ἐγενήθην

258 655 306 736 είς
328 654 440 744 ὀλίγον
462 659 561 725 ἐτέων
583 657 791 744 ἐναρίθμιος·
815 653 958 737 όστατος
981 654 1072 734 αἰών,

258 755 318 826 crin
340 754 542 845 ἀνέδραστον
564 756 645 840 ἔχων
666 757 753 826 ἴδιον
776 756 910 849 δρόμον·
936 749 974 847 ἧς
996 760 1024 824 δ’
1048 756 1162 842 ἔλαχέν
1183 783 1234 835 τις

257 860 388 948 μοίρης,
412 857 533 946 ταίτρν
555 859 731 927 ἐκτελέσω·
755 862 812 927 καί
835 859 898 948 γὰρ
920 863 1090 948 βασιλῆες.

257 965 347 1028 ταῦτ’
370 959 545 1047 ἐπέγραψε
569 961 680 1048 πατὴρ
703 958 721 1028 ό
746 958 904 1046 Ζοίσιμος
927 960 1023 1029 εἵνεκ’
1049 959 1153 1044 ἐμεῖο,

174 1070 216 1132 20
259 1059 440 1151 ἆίμνηοτον
462 1057 543 1142 ἔχων
568 1067 675 1149 ψυχῆς
696 1059 810 1130 πόθον
832 1059 1032 1130 ἀθανάτοιο.

258 1242 283 1285 c.
322 1209 460 1301 Πλόρρς
483 1209 500 1278 ό
524 1210 651 1301 φόρτος
670 1210 743 1282 ἐστί
762 1240 833 1296 μοι·
858 1216 968 1293 καλῶς
990 1211 1066 1297 ἔχει.

323 1322 431 1381 κεῖται
454 1312 515 1400 γὰρ
538 1313 637 1401 νηδὺν
659 1310 708 1393 είς
729 1313 812 1406 ἐμὴν
834 1311 852 1381 ό
878 1312 1037 1404 Νήδομος

320 1412 383 1481 κοίκ
406 1416 503 1482 τοῦδε
526 1416 649 1495 παιδός
672 1423 753 1495 παῖς
775 1415 878 1504 γεγώς
900 1413 918 1483 ό
943 1417 1113 1504 Νήδυμος,

318 1516 430 1606 τρίτος
452 1516 488 1584 δέ
511 1517 635 1596 παιδός
657 1521 713 1584 νῦν
735 1519 846 1607 πατὴρ
869 1515 887 1587 ό
911 1516 1078 1599 Ζοίοιμος.

237 1627 277 1689 25
319 1614 418 1702 μύσιν
441 1621 530 1684 θεῶν
551 1619 602 1695 τίς
622 1643 679 1700 μοι
704 1618 792 1686 δότω
815 1623 871 1687 καί
895 1618 1066 1704 σύνφοοιν·

320 1715 359 1807 ἢν
381 1720 443 1805 γὰρ
467 1717 548 1807 θίγῃ
571 1744 622 1797 τις
643 1716 692 1799 είς
714 1713 840 1801 όίνοιξιν
861 1721 922 1810 τὴν
943 1717 1033 1808 ἐμήν,

318 1819 393 1907 μήτ’
416 1819 561 1886 ἐλπίδων
580 1812 707 1899 όναιτο,
730 1821 776 1909 μίγ
799 1823 921 1889 τέκνων
944 1825 1083 1910 σπορᾶς,

325 1917 395 1987 ἀλλ’
419 1921 570 2007 ἐγγόνους
592 1913 708 1987 όλοωο
732 1921 909 2010 ποίνρτιζον
932 1922 1033 2008 γένος.

240 2082 275 2121 111
295 2063 340 2120 vel
361 2079 391 2119 iv
412 2060 527 2119 saeculi.
550 2095 584 2104 —
608 2061 697 2120 Recte
716 2061 782 2121 Keil
803 2062 1015 2140 epigrammata
1034 2061 1076 2120 sic
1096 2061 1249 2137 disposuit,
1269 2071 1301 2118 ut
1319 2068 1389 2138 post

176 2166 300 2217 mortem
315 2155 444 2230 Nedymi
465 2153 524 2228 (a),
550 2155 601 2229 qui
620 2156 768 2215 Zosimum
787 2157 912 2215 habebat
931 2156 1034 2228 filium,
1054 2152 1208 2230 Nedymus
1228 2173 1318 2232 nepos
1333 2155 1388 2232 (b),

175 2260 398 2332 postremusque
428 2249 468 2323 (c)
494 2248 641 2322 Zosimus,
672 2251 722 2325 qui
754 2260 840 2310 antea
868 2249 1033 2328 Nedymum
1065 2258 1177 2327 patrem
1207 2248 1387 2325 sepeliverat,

173 2354 357 2405 monumento
372 2343 425 2401 hoc
445 2342 578 2400 conditus
605 2343 653 2401 sit.
674 2376 709 2387 —
733 2344 750 2402 2
772 2332 900 2422 Νίδυμνν
924 2353 953 2403 et
978 2363 1080 2403 nomen
1106 2341 1257 2420 proprium
1284 2351 1312 2400 et
1337 2341 1388 2400 sd-

174 2441 319 2498 iectivum.
341 2472 377 2481 -
399 2451 655 2496 sn.sn...c1nee
680 2437 788 2511 Leake,
809 2439 985 2506 κα...θνος
1006 2460 1036 2496 τε
1058 2459 1083 2499 n.
1105 2437 1251 2509 Weloker,
1271 2453 1386 2497 κο....

172 2548 319 2592 enormen
342 2531 448 2589 Lebas.
490 2529 554 2588 Keil
579 2522 625 2589 ssi
651 2519 814 2591 ίθοννίτωοι
835 2520 956 2611 παρόντα
977 2532 1105 2590 scribens
1125 2530 1190 2606 ipse
1210 2549 1313 2606 parum
1333 2529 1389 2587 hoc

174 2626 346 2686 conveniens
372 2644 435 2683 esse
460 2624 559 2683 sensit.
600 2623 632 2684 Si
652 2625 813 2694 Wslckeri,
842 2626 892 2702 qui
912 2627 1018 2702 raptim
1040 2624 1202 2701 descripsit,
1223 2631 1253 2682 et
1274 2622 1390 2682 [ebasii

174 2720 329 2779 consensui
355 2725 466 2776 tantum
488 2718 674 2777 tribuendum
695 2729 753 2789 est,
779 2720 944 2796 scripserim
970 2718 1188 2796 καττῴδιμένως
1208 2741 1239 2776 τε
1261 2707 1388 2795 παρόντα.

175 2815 296 2873 Interim
318 2813 402 2890 posui
422 2813 499 2888 quod
518 2832 555 2870 ex
575 2811 680 2870 Lealrii
700 2813 871 2889 apographo
891 2813 1005 2874 facilius
1026 2814 1091 2891 quis
1111 2811 1245 2873 coniciet.
1264 2845 1301 2854 -
1315 2812 1332 2868 3
1344 2829 1386 2887 sq.

174 2908 269 2985 suppl.
290 2906 373 2976 Keil;
399 2927 424 2967 v.
442 2910 459 2964 4
480 2916 575 2964 tamen
595 2915 754 2965 extremum
776 2907 946 2966 vocabulum
966 2909 1120 2978 incertum
1151 2907 1270 2966 tradunt
1289 2924 1389 2964 omnes

173 3019 234 3061 olc.
275 3001 394 3059 Confert
413 2998 481 3057 Keil
502 2999 534 3059 C.
557 3000 579 3061 l.
601 3001 706 3059 27751)
727 2997 800 3076 {Me
826 3003 860 3092 τῇ
885 3001 974 3078 βουλῆ
1000 2991 1045 3060 καί
1070 3003 1112 3079 τῷ
1139 2992 1244 3079 δᾚμορ-
1259 3019 1389 3078 παραμυ-

175 3095 290 3157 θεῖσθαι
304 3086 349 3153 τίν
370 3091 475 3172 πατέρα
496 3090 592 3155 αὐτοῦ.
605 3097 757 3154 -5extr.
778 3094 875 3154 Lebas
895 3075 967 3153 duas
986 3094 1017 3152 in
1038 3094 1134 3171 lapide
1154 3095 1253 3152 hastas
1275 3093 1347 3152 vidit
1361 3110 1389 3165 113

177 3190 323 3268 supplevit
351 3186 433 3246 Keil:
465 3186 586 3246 militem
617 3189 715 3268 arguit
743 3189 834 3248 leonis
864 3189 967 3266 imago.
989 3221 1025 3230 —
1048 3189 1065 3246 6
1086 3178 1220 3247 θανόντων
1251 3186 1327 3260 Keil,
1354 3188 1389 3246 cf.

176 3305 202 3342 v.
227 3286 269 3340 ll.
296 3316 333 3326 -
360 3283 375 3338 7
403 3281 435 3357 μ’
466 3280 595 3341 &selenos
620 3283 703 3358 Keil,
734 3279 822 3352 ἐδεοῖς
852 3283 1048 3358 interpretans
1078 3275 1214 3348 ἀνενδεοῒς.
1260 3280 1324 3357 Ego
1351 3281 1390 3339 ad

179 3377 371 3456 φθεγγομένην
392 3376 497 3434 resero:
519 3376 598 3453 loqui
619 3397 649 3436 se
670 3378 712 3436 ait
732 3379 833 3454 cippus
854 3376 917 3435 sine
936 3382 1025 3448 metu,
1047 3374 1167 3451 nequis
1188 3374 1324 3433 lsudibos
1344 3374 1389 3432 in-

175 3472 278 3530 videat.
300 3506 336 3514 —
358 3471 376 3528 9
396 3485 438 3528 or
458 3469 562 3541 Lebas,
582 3487 618 3529 0.
639 3472 737 3545 ceteri,
757 3460 784 3529 ίν
804 3469 882 3529 Keil.
903 3503 940 3512 -
962 3470 1000 3528 10
1028 3485 1069 3526 ΔΝ
1090 3467 1159 3527 Leb.
1181 3484 1223 3525 ΑΝ
1244 3466 1389 3526 Welclrer.

174 3600 211 3608 —
235 3566 269 3622 16
285 3584 328 3642 sq.
351 3566 392 3622 sic
411 3564 562 3640 intellego:
593 3566 719 3624 instabile
742 3584 840 3624 aecum
859 3574 907 3637 est,
929 3581 1100 3639 thmqsom
1119 3563 1196 3620 Ιιοοδ
1208 3563 1326 3638 saliente
1345 3567 1387 3621 in·

176 3660 245 3716 cedit
266 3662 392 3732 οωιίρίο,
423 3659 473 3715 sed
491 3677 570 3716 ειωοι
588 3659 642 3718 sibi
660 3662 809 3732 proprium
827 3659 908 3716 labet
928 3676 1050 3716 cursum:
1082 3675 1148 3713 nom
1168 3675 1253 3732 qnam
1275 3660 1390 3732 ροίτοοτ

175 3756 284 3808 sortitus
310 3761 346 3809 est
366 3761 474 3824 τονιτοι,
496 3762 711 3810 antenctae-
732 3750 768 3809 23
789 3751 1080 3825 xstebas,ceteri
1101 3749 1261 3808 sss-27
1282 3749 1389 3826 sipro-

176 3848 228 3904 bus
248 3856 324 3905 esset
345 3853 439 3921 poeta,
459 3846 614 3905 scriberem
635 3840 682 3924 μί
697 3848 725 3919 ’γ’
740 3837 860 3906 ἐλπίδων.

176 4124 252 4184 503.
294 4124 486 4186 Chaeroneae.
528 4124 559 4185 C.
582 4124 603 4183 l.
633 4125 715 4185 1667.
755 4125 896 4202 Stephani
920 4127 996 4184 licite
1019 4128 1087 4182 cett.
1111 4143 1140 4183 n.
1158 4121 1205 4181 35.
1234 4123 1300 4183 Keil
1319 4122 1391 4200 Syll.

175 4238 205 4296 p.
224 4219 286 4278 192.

329 4342 483 4428 Χαίροις,
507 4339 651 4430 Σώτνγρε,
675 4341 733 4409 καὶ
755 4340 789 4410 ἐν
811 4346 995 4431 θνρτοῖομ]
1019 4341 1163 4430 ποθνγτέ.
