3262 5152
194 390 258 454 470
662 384 863 455 Epigrammata
880 385 960 439 varia

195 556 294 617 Herm.
318 558 404 634 Orplt.
426 556 534 629 Arpcn.
558 554 624 614 262.
639 588 660 598 -
692 555 729 612 54
749 552 889 630 Cecropis
909 554 985 613 tilias
1005 556 1060 615 etsi
1079 556 1246 616 sacedotes
1264 554 1418 615 uiuam

195 651 283 709 sitisse
303 669 359 708 non
379 651 521 709 traditum
541 659 599 721 est,
625 648 710 706 facile
729 654 828 706 tamen
848 649 917 708 inde
941 649 997 707 sibi
1021 649 1131 724 fingere
1154 658 1295 726 poterant
1317 668 1417 709 racen-

195 745 291 817 tiores‚
311 745 387 820 quod
407 744 466 801 illis
486 744 542 802 dea
555 742 777 801 Erichthonium
797 743 1016 801 custodiendum
1031 742 1160 801 dederat
1191 740 1304 801 Hersen
1318 748 1417 803 autom

195 839 249 897 hoc
274 839 337 897 loco
362 839 462 896 eadem
487 856 545 912 qua
570 854 661 910 supra
685 856 711 894 v.
727 835 764 894 32
790 836 904 895 ratione
928 836 1076 895 Pandrosi
1102 842 1202 913 partes
1227 856 1318 914 agere
1346 846 1417 915 puto

194 935 302 1011 quippe
322 952 397 1009 quae
417 932 480 991 sola
500 932 591 990 cistae
610 948 716 987 arcano
737 948 794 987 non
814 930 948 1005 inspecto
967 931 1040 988 deae
1058 930 1183 1007 gratiam
1201 930 1260 989 sibi
1278 930 1416 989 severit.

194 1027 281 1085 -66
300 1016 402 1105 ἔμπνοα
422 1024 538 1086 Cereris
558 1042 717 1100 cognomen
736 1032 790 1094 est,
811 1022 889 1099 quod
910 1041 975 1081 cum
996 1044 1054 1084 uon
1073 1023 1355 1083 mimadverttsssut
1371 1023 1415 1081 in-

196 1129 340 1199 terpretes
361 1120 525 1180 Domitiam
547 1117 660 1176 Aurelii
680 1122 803 1175 matrem
827 1117 1042 1195 intellegebant.
1082 1118 1121 1175 At
1140 1114 1232 1177 (lares
1255 1116 1314 1176 hoc
1338 1126 1417 1175 certe

194 1216 258 1275 loco
278 1236 336 1274 non
355 1221 456 1292 potest
474 1213 534 1272 alia
553 1230 616 1270 case
635 1211 692 1269 uisi
712 1211 779 1287 ipsa
792 1210 945 1284 Faustina,
966 1230 1040 1286 qnae
1059 1209 1170 1287 optime
1183 1210 1300 1269 Aurelii
1319 1218 1418 1271 mter

195 1310 338 1388 adpellari
357 1309 463 1386 potuit
504 1305 554 1368 Sic
581 1305 711 1382 procedit
736 1305 895 1363 sententia:
927 1305 997 1362 nolit
1018 1324 1080 1363 eam
1104 1306 1255 1380 dadinum
1272 1304 1418 1365 sm

194 1407 262 1476 ἀνω
291 1421 378 1478 nequa
404 1404 476 1460 enim
495 1401 625 1458 ddioeroa
652 1399 763 1457 Heraea
788 1417 838 1456 nec
862 1399 961 1457 Diana
985 1399 1158 1474 Ipltipcas'cm
1182 1399 1338 1475 domama
1361 1408 1419 1459 ad.-

194 1501 234 1556 st'o
253 1515 303 1555 nec
323 1497 465 1554 Faustina
485 1503 604 1552 vatatam
623 1494 802 1551 heminarum
822 1495 991 1550 dominatrix
1010 1493 1146 1567 Rupiliam
1168 1502 1281 1568 epm
1305 1495 1416 1567 asperi-

195 1592 289 1648 oribus
308 1591 425 1648 bacina
446 1589 591 1647 adscitam
612 1620 650 1630 -
671 1585 708 1645 59
729 1602 818 1643 atriu
839 1587 929 1663 lapis;
949 1587 1011 1644 iota
1030 1585 1165 1644 abundat.
1184 1618 1223 1631 -
1242 1586 1279 1643 71
1296 1584 1416 1645 Gallim.

195 1686 286 1761 hyram
316 1684 408 1743 Cerer.
434 1682 472 1739 47
498 1669 552 1749 ἔτος
577 1669 613 1739 rol
639 1679 739 1742 θεοῖσιν
763 1678 887 1757 ἀνειμένοι
913 1677 1022 1759 δένδρεσι
1047 1667 1162 1748 νίπτεις.
1182 1712 1220 1725 -
1242 1682 1279 1740 76
1303 1671 1350 1761 μοι’
1365 1702 1418 1740 rat

196 1770 311 1851 νῆποννον
331 1776 393 1835 scil.
415 1772 478 1834 εἶναι
503 1776 549 1833 vel
575 1770 697 1834 ἕπεσθον.
720 1807 754 1818 -
777 1776 813 1832 77
835 1772 938 1854 οἱτρεῒες
963 1793 1016 1850 pro
1042 1773 1140 1854 ἄπρῆες
1159 1775 1315 1852 salpiam,
1340 1774 1418 1835 siunt

195 1890 223 1929 v.
237 1872 275 1930 96
296 1861 357 1928 νειὸν
378 1889 432 1945 pro
451 1861 516 1943 νηο’ν.
558 1869 734 1928 Accusativo
761 1864 847 1944 οἰτρέο
872 1887 943 1928 usus
967 1875 1013 1927 est
1032 1867 1186 1945 Euphorio
1204 1868 1238 1929 ir.
1254 1869 1292 1929 95
1313 1866 1417 1941 Mein

195 1965 232 2024 cf.
259 1983 349 2040 supra
373 1983 400 2021 n.
418 1961 474 2021 222
500 1953 523 2021 al
548 1955 644 2041 μοίρας
669 1951 788 2040 ἄτροῖπου
815 1958 1022 2041 οἰνοηκοοτηρες
1047 1950 1186 2040 ἄτρακτον.
1206 1996 1244 2007 -
1264 1962 1304 2023 89
1325 1978 1365 2021 εκ
1388 1962 1418 2023 lt

195 2079 248 2136 pro
269 2059 294 2127 ἒς
313 2058 441 2135 positum
467 2076 529 2116 esse
549 2075 634 2113 nemo
653 2074 718 2114 cum
741 2054 884 2115 Salmasio
904 2055 1013 2127 credet;
1038 2052 1075 2114 ἄν
1098 2045 1188 2115 ἄλσεα
1208 2056 1324 2131 Iacobo,
1345 2056 1417 2117 taci-

195 2153 251 2211 lius
271 2152 368 2210 Franz
388 2151 430 2211 ἐπ’
451 2150 583 2222 coniecit,
610 2168 684 2224 quae
701 2150 879 2225 praepositio
899 2139 975 2208 κοντοὶ
998 2139 1079 2209 κοινόν
1098 2151 1135 2210 ad
1155 2141 1253 2231 ἔρχως
1272 2160 1302 2209 st
1321 2141 1418 2211 dicta

197 2254 226 2305 et
246 2242 318 2320 ποίην
337 2245 489 2303 referenda
509 2251 562 2302 est.
583 2277 621 2288 —
643 2244 680 2300 84
700 2257 800 2299 νΗΞειε
821 2261 879 2319 quo
905 2253 1020 2302 servato
1040 2243 1198 2305 Salmasius
1223 2264 1348 2322 eumque
1371 2264 1419 2305 so·

192 2340 252 2398 cuti
273 2338 325 2396 alii
346 2334 587 2429 ὃμνηῐ-μοκέλληι
607 2336 794 2412 scripserunt.
835 2338 878 2394 At
902 2338 1013 2396 erravit
1040 2338 1167 2415 lapicida
1185 2338 1276 2397 latina
1293 2338 1420 2397 formae

193 2452 249 2510 pro
269 2452 373 2509 graeca
392 2449 408 2488 π
429 2432 542 2508 posita,
570 2439 714 2505 utsupra
732 2449 759 2486 v.
774 2430 811 2488 33
833 2446 937 2488 κπννκ.
959 2464 996 2473 -
1017 2431 1055 2489 83
1075 2424 1173 2511 χλωρὰ
1196 2430 1318 2492 θέωσιν
1342 2431 1419 2491 με.

29 2532 44 2563 “·
59 2516 75 2541 ’“
105 2520 111 2529 ’
194 2529 266 2586 mire
286 2527 395 2585 dictum
413 2525 554 2602 exemplis
574 2525 745 2583 confirmare
763 2544 820 2582 uon
841 2543 925 2599 queo.
946 2558 984 2568 -
1004 2525 1041 2583 87
1063 2541 1196 2586 εκπεοοοε
1215 2527 1297 2603 quod
1315 2526 1419 2587 nescio

195 2642 233 2680 au
253 2620 434 2697 probandum
456 2620 494 2679 sit
513 2620 557 2677 ita
577 2619 715 2693 scriptum
736 2609 783 2676 sal
803 2617 834 2676 ἐκ
852 2616 927 2691 γένος
948 2610 1108 2698 {redamat
1127 2624 1176 2694 qui
1189 2625 1246 2679 eitta
1259 2625 1310 2697 qai
1319 2626 1418 2698 posuit

190 2715 285 2789 protea
311 2724 358 2773 eat.
378 2746 416 2757 —
442 2713 479 2772 89
506 2729 603 2772 sertus
630 2711 725 2769 sched.
753 2710 961 2771 Holateniauae
985 2713 1165 2773 Barbariana
1189 2714 1270 2773 solae
1294 2730 1417 2791 actua,

195 2808 274 2884 quod
300 2808 433 2882 quamvis
458 2817 602 2866 structura
629 2805 707 2864 haud
733 2806 871 2882 expedita
896 2827 997 2866 verum
1023 2808 1151 2866 ridetur:
1180 2812 1283 2867 nmini
1311 2829 1418 2885 aqna

196 2903 286 2960 colere
305 2902 409 2958 licitam
429 2910 499 2973 ceto,
520 2909 634 2975 praeter
658 2904 770 2975 eosqui
794 2901 827 2957 de
853 2902 946 2959 eodem
963 2920 1062 2976 patera
1080 2905 1142 2960 acti
1164 2906 1219 2962 aiat
1239 2902 1296 2978 (lt's
1320 2915 1418 2964 natm

194 3014 251 3053 noo
274 2996 437 3070 inlicitum);
466 2998 577 3052 namet
600 2998 661 3070 qaae
679 2997 797 3067 facerit,
825 2997 862 3052 eia
885 2995 959 3051 altor
982 2997 1095 3071 quidam
1123 3001 1166 3055 rai
1195 3001 1322 3057 comam
1353 3003 1415 3059 orit.

195 3089 240 3149 Of.
263 3087 296 3148 O.
318 3088 340 3147 l.
363 3088 399 3147 26
420 3081 531 3168 μα’ρους
551 3081 657 3166 δαίμων
673 3082 790 3147 ’avalla
811 3120 849 3131 -
870 3087 907 3146 89
928 3104 1154 3149 τεενικθοκιονο
1171 3080 1337 3171 Ἐρνχθίννον
1356 3092 1414 3172 βι-

196 3184 279 3258 cilia
298 3183 427 3242 clausula
447 3183 594 3242 homerica
612 3202 649 3240 ex
668 3182 770 3240 eodem
790 3181 854 3240 loco
874 3181 966 3255 (11.Y
980 3183 1052 3259 219)
1073 3183 1237 3261 desumpta,
1263 3187 1341 3246 uude
1359 3188 1415 3248 do-

194 3278 318 3336 ctrinam
337 3283 427 3353 poeta
445 3279 581 3336 hauserat
601 3297 627 3337 v.
643 3277 680 3335 38
690 3295 771 3352 sqq.;
801 3276 912 3351 absque
931 3276 987 3335 hoc
1007 3277 1096 3350 foret,
1121 3278 1225 3339 melius
1244 3290 1321 3341 certe
1340 3284 1415 3343 scri·

194 3372 301 3448 psisset
326 3363 373 3429 nal
397 3363 453 3451 ηοὶρ
474 3358 639 3450 Ἐρνχθόννὸν
665 3373 725 3429 ποτ’
747 3361 881 3443 Ἀθηναίη
907 3369 1039 3447 βασιλῆα.
1084 3371 1145 3429 Pro
1173 3395 1205 3432 το
1234 3394 1304 3435 vero
1332 3378 1416 3455 quad

194 3466 264 3524 ferri
284 3465 392 3541 nequit,
412 3464 512 3524 Herm.
537 3464 623 3540 Orph.
645 3483 672 3540 p.
688 3462 744 3521 738
771 3461 802 3533 ci,
823 3462 927 3522 lacobs
953 3486 1001 3545 περ
1020 3466 1166 3541 reposuit,
1193 3467 1300 3544 quibua
1324 3488 1414 3548 prae-

195 3560 249 3618 tuli
270 3559 346 3635 quod
367 3558 527 3634 simplicius
550 3558 700 3615 videbatur
719 3575 783 3616 esse
804 3558 872 3616 ποτ’.
886 3559 970 3616 -96
990 3561 1043 3639 νηῷ
1062 3560 1081 3618 i.
1102 3579 1127 3620 e.
1149 3560 1322 3637 Erechtheo,
1342 3582 1415 3625 nam

195 3652 372 3712 Erechtheus
393 3663 421 3711 et
435 3651 643 3710 Erichthonius
663 3652 720 3710 duo
740 3650 871 3710 dudem
884 3651 1011 3711 hominis
1024 3654 1143 3713 nomina
1155 3661 1232 3714 suut
1244 3688 1280 3698 —
1291 3654 1329 3715 96
1340 3676 1414 3719 eon·

194 3747 290 3805 lerunt
315 3733 526 3818 attitulaverat
551 3732 696 3823 ἀλοίοτορο
721 3745 810 3817 hymn.
840 3746 928 3822 Orph.
950 3747 996 3821 72,
1008 3747 1035 3805 3.
1079 3746 1203 3808 Rhombi
1228 3767 1335 3809 nomen
1359 3771 1413 3812 ex·

196 3841 285 3917 plicat
304 3841 424 3899 verbum
444 3827 597 3913 κυλινδηοεν
616 3859 643 3897 v.
658 3856 717 3914 seq.
740 3870 774 3881 —
797 3837 835 3897 95
855 3838 981 3917 Triopas
1002 3839 1185 3901 Callimacho
1205 3842 1245 3917 (lt.
1261 3842 1323 3902 Gar.
1339 3846 1413 3925 too)

194 3933 324 4010 Neptuni
349 3945 377 3993 et
401 3933 530 3993 Canaces
556 3932 687 3991 Aeolidis
712 3932 790 3990 tilius
815 3944 873 4005 est,
898 3942 983 4010 pater
1007 3935 1231 4012 Erysichthonis
1254 3936 1333 4007 eius,
1358 3940 1413 4017 qni

194 4028 310 4087 Cereris
330 4028 398 4085 fano
419 4029 528 4087 violato
553 4048 589 4086 ex
610 4026 762 4086 Thessalia
786 4028 817 4084 in
838 4026 956 4087 Cariam
982 4029 1121 4107 profugus
1141 4030 1271 4109 Triopeo
1294 4032 1413 4093 condito

194 4122 264 4180 deae
290 4123 418 4181 animum
443 4122 498 4180 sibi
523 4121 727 4181 reconciliavit
768 4122 926 4183 Marcellus
951 4124 1046 4200 ipsum
1069 4123 1208 4201 Triopam
1234 4125 1411 4205 marileffum

193 4215 341 4290 perhibuit
364 4217 543 4292 eundemque
569 4217 662 4295 Δηῷον
687 4236 714 4275 v.
729 4216 776 4276 64.
801 4249 837 4261 -
865 4217 902 4277 97
926 4223 1023 4294 itaqua
1047 4238 1113 4278 caca
1143 4219 1268 4296 Triopas
1287 4238 1414 4297 poam

192 4308 253 4366 luae
267 4318 315 4367 cat
332 4309 453 4387 Triopae
465 4314 573 4370 nemim
586 4301 721 4390 Τριᾶπενος
734 4314 892 4385 nemim,
905 4332 940 4371 nc
958 4314 1092 4389 Triopoic
1106 4323 1132 4372 ts
1148 4315 1274 4375 mam
1291 4325 1411 4394 αμα.
