3262 5152
690 397 708 450 1.
734 397 775 450 dis
793 398 887 450 diesen.

448 563 541 637 ξεῖνε,
567 557 668 624 πάλιν
691 558 858 644 πελάγους
878 560 1008 643 βλέψον
1030 558 1260 649 άνερχομένην·

363 660 437 727 ναοί
457 685 517 741 μοι
540 659 732 740 στίλβουσιν
754 657 809 726 ὑπ’
830 659 939 751 ᾐόνος,
964 659 1004 748 ἥν
1027 687 1109 728 ποτε
1133 657 1274 741 κόλποις

446 759 604 847 Δρούσου
628 764 683 826 καί
706 766 851 849 γαμετῆς
872 763 1005 846 θρέψεν
1027 754 1166 846 άθυρμα
1189 761 1301 844 όόμος.

288 872 317 930 5.
363 862 399 925 ἐκ
423 862 458 926 δὲ
481 857 614 945 τρόπων
636 859 749 926 πειθιό
771 888 806 927 τε
830 862 887 927 καί
911 860 1044 950 εῗμερον
1065 860 1193 928 ἔσπασε
1217 862 1326 950 κείνης

447 964 514 1038 πᾶς
535 957 650 1040 τόπος,
675 961 723 1039 εἰς
747 959 865 1051 ίλαρῆν
886 956 1001 1047 άρτιος
1023 959 1241 1050 εὐφροσύνην·

365 1058 494 1142 Βάκχου
517 1057 578 1150 γάρ
603 1064 749 1141 κλισίαις
769 1089 811 1145 με
835 1064 1004 1130 συνέστιον
1026 1061 1264 1150 ἐστεφάνωσεν,

446 1161 494 1241 εἰς
516 1163 574 1246 ἐμὲ
599 1163 656 1228 τόν
677 1163 819 1228 κυλίκιον
844 1156 941 1229 όνκον
963 1162 1180 1250 ἐφελκομένη·

362 1266 465 1349 πηγαί
490 1266 518 1328 δ’
542 1256 584 1329 αὖ
604 1263 683 1351 περὶ
706 1264 809 1345 πέζαν
832 1260 1054 1346 άναβλόζουσι
1077 1268 1231 1351 λοετρῶν,

276 1370 316 1432 10
443 1371 525 1442 παῖς
547 1364 626 1447 ἐμὸς
648 1357 688 1443 ἃς
710 1364 798 1431 καίει
822 1363 881 1431 σόν
903 1367 985 1450 πυρὶ
1007 1363 1193 1455 νηχόμενος.

358 1459 404 1551 μή
426 1489 468 1547 με
489 1462 606 1552 μάτην,
632 1466 744 1544 ξεῖνοι,
768 1461 982 1552 παροδεύετε,
1006 1461 1222 1553 χειτνιόιοσαν

445 1565 557 1654 πόντῳ
581 1566 638 1632 καί
662 1562 823 1652 Νόμφαις
844 1563 1003 1651 Κόπριόα
1026 1565 1083 1632 καί
1104 1564 1270 1654 Βρομίωι.

285 1704 386 1763 Iunior
405 1711 493 1780 poeta
512 1705 562 1763 vix
583 1705 609 1762 is
629 1704 698 1776 fuit,
724 1709 758 1761 ut
777 1705 900 1763 eonieeit
920 1703 1060 1776 Vincenti,
1090 1703 1142 1781 qui
1162 1704 1222 1763 iere
1242 1705 1281 1765 M.
1295 1704 1422 1782 Pompe·

208 1801 253 1856 ius
274 1795 411 1876 Νεάτερις
431 1806 549 1856 vocetur
569 1799 600 1855 in
620 1797 739 1857 Anthol.
755 1797 819 1856 Pel.
842 1796 900 1855 VII
920 1796 986 1871 219,
1008 1796 1053 1856 lx
1074 1798 1128 1869 283
1148 1799 1338 1874 nequeenim
1355 1818 1422 1876 eug-

209 1893 324 1951 nomine
349 1892 449 1950 addito
475 1910 506 1949 se
531 1892 720 1951 continuisset
743 1891 803 1962 ille,
830 1911 866 1949 ex
886 1909 944 1967 quo
964 1892 1031 1966 quis
1050 1892 1168 1951 fecisset
1180 1891 1297 1951 difficile
1310 1893 1421 1952 intelle·

206 2005 297 2062 geres.
318 2020 356 2029 -
376 1985 566 2062 Epigramma
583 1986 641 2045 fuit
660 1987 714 2044 sub
733 1995 829 2044 statue
842 1982 977 2055 Veneris,
1002 2004 1086 2060 quum
1104 1985 1219 2043 Βνιιειιε
1244 1984 1423 2062 Antoniuque

206 2081 274 2156 (eive
301 2082 410 2138 Drusus
435 2080 537 2137 Tiberii
549 2083 577 2153 s.
600 2092 625 2137 et
642 2079 744 2155 Ικύίσ)
764 2089 845 2136 antea
865 2082 894 2134 ιἰι
914 2079 1037 2137 eubiculo
1057 2079 1070 2154 (
1090 2079 1141 2156 .3)
1157 2083 1278 2154 potitum
1302 2084 1360 2138 iem
1374 2080 1421 2140 Si·

205 2193 318 2232 nueesae
342 2178 411 2231 inter
439 2193 517 2231 mere
547 2175 646 2231 balnea
671 2175 799 2231 tabernae
824 2182 979 2247 posuerunt
1007 2178 1037 2229 in
1063 2174 1185 2248 publico.
1215 2173 1419 2234 Wilemowitz.

206 2267 285 2325 Idem
305 2275 381 2326 reete
402 2267 529 2342 explieat
549 2268 608 2327 ub
629 2287 662 2324 eu
687 2268 826 2324 Antoniae
853 2266 973 2324 monem
992 2265 1127 2325 Sinuessa
1153 2266 1281 2325 Suadam
1303 2270 1417 2342 Cupidi-

206 2381 317 2436 οιοιηιιι
342 2365 443 2433 traxit,
469 2364 532 2436 (qui
557 2372 581 2418 et
607 2360 737 2418 Venerem
757 2361 952 2435 comitantur),
978 2363 1145 2436 idoneumque
1168 2364 1209 2418 eie
1229 2360 1304 2419 loeus
1322 2366 1420 2437 sactus

206 2466 242 2512 eet
264 2457 303 2511 ad
321 2474 425 2512 σοιιιεοι
445 2456 620 2512 hilaritatem.
642 2487 679 2496 -
695 2455 711 2510 7
725 2442 840 2532 Βόκχου
861 2446 967 2522 κλισίας
988 2457 1111 2514 sirecte
1132 2453 1260 2513 Viseonti
1280 2455 1418 2534 intellegit

206 2550 336 2606 tuberum
355 2552 492 2620 υίοσιίαε,
513 2549 583 2606 haee
603 2555 649 2605 est
668 2547 786 2606 distichi
807 2549 960 2607 sententia:
983 2549 1090 2607 Βσσσίιί
1109 2549 1218 2606 nedibus
1239 2567 1280 2606 me
1298 2553 1419 2609 etenum

204 2646 298 2717 posuit
317 2660 401 2716 eoque
422 2645 516 2716 effecit,
536 2652 567 2698 ut
585 2647 641 2699 iam
659 2650 800 2714 potatores
825 2647 927 2718 ρναυίσ
947 2644 1051 2718 poeula
1070 2643 1138 2700 miti
1157 2643 1287 2717 obserant
1305 2653 1331 2701 ιι
1346 2664 1418 2720 pro-

201 2741 306 2810 pluent.
333 2770 370 2778 -
400 2737 435 2792 10
460 2737 577 2793 thermae
599 2744 674 2792 reete
698 2734 838 2813 intellegit
863 2736 1071 2810 Wilamowitz‚
1096 2737 1132 2796 ef.
1158 2739 1195 2796 Α.
1222 2734 1256 2793 Ρ.
1277 2736 1331 2797 ΙΧ.
1353 2739 1418 2801 626.

205 2829 275 2886 Fuit
300 2828 337 2885 ad
362 2829 471 2887 fontem
497 2831 596 2906 positu
619 2838 715 2887 statua
739 2826 917 2908 Venerisque
947 2832 986 2891 ed
1015 2832 1104 2907 pedes
1130 2834 1224 2892 Amor
1251 2832 1419 2911 exsculptus

205 2923 294 2981 facem
321 2923 469 2981 ardentem
499 2924 584 2982 undis
614 2924 791 2993 admovens3
821 2925 922 3000 pulcre
952 2931 1049 2984 eutem
1074 2928 1212 3004 puerulus
1242 2929 1284 2987 sie
1313 2948 1419 3005 equum

205 3016 362 3075 calefacere
384 3017 525 3094 cogitatur
547 3017 715 3093 balneisque
734 3028 833 3093 uptam
853 3019 980 3080 reddere,
992 3053 1029 3063 —
1047 3022 1419 3098 manutenementum

199 3114 322 3185 fruituri
341 3130 412 3187 quae
431 3111 467 3168 ab
486 3116 568 3181 mari,
589 3113 624 3169 ab
638 3115 728 3186 sente,
750 3130 769 3167 ιι
788 3111 902 3170 Βαιιίισ
922 3113 999 3172 vebis
1021 3114 1093 3171 bena
1109 3126 1218 3190 perata
1243 3127 1315 3178 ιιιιιι.

205 3389 271 3448 811.
312 3391 399 3466 Apud
420 3390 573 3468 Thespiae.
608 3390 794 3452 Cumanudes
813 3393 930 3469 Eplem.
950 3392 1026 3451 arel.
1050 3392 1123 3451 1869
1143 3412 1170 3453 n.
1186 3393 1251 3454 336.

401 3507 448 3577 Ὠ
471 3522 534 3580 παῖ
557 3515 676 3594 τοξότα
701 3511 874 3600 Κύπριδος
895 3517 1031 3603 λιγείης,

411 3618 577 3692 Θεσπιαῖς
595 3610 818 3682 Ἑλικιονιάισι
840 3617 940 3682 ναίιον

408 3717 604 3800 Ναρκίσσου
626 3717 720 3800 παρά
743 3721 851 3805 κῆπον
874 3711 1051 3791 evetans,

406 3814 547 3904 ίληκσις·
571 3818 608 3880 τὸ
633 3819 670 3885 δέ·
692 3844 744 3883 τοι
768 3819 887 3884 δίδωσι
910 3819 996 3898 δέξο,

344 3925 363 3987 5
407 3914 623 4004 άκροθείνιον
640 3913 815 4004 Ἀδριανός
837 3912 971 4006 άρκτου,

406 4009 444 4106 ἣν
466 4013 566 4096 αὐτὸς
589 4016 684 4086 κάνεν
707 4016 858 4085 ἱππόθεν
882 4013 1033 4108 τυχήσας.

406 4118 446 4182 σίι
471 4122 498 4183 δ’
522 4114 612 4206 αὐτῷ
633 4117 728 4208 χάριν
750 4116 822 4186 ἄντί
845 4125 904 4186 τοῦ
927 4121 1086 4211 σαόφρων

406 4220 520 4296 πνέοις
542 4217 699 4308 οόρανίας
722 4216 779 4286 ἀπ’
798 4216 1010 4309 Ἀφροδίτης.

282 4356 424 4418 Hadriani
446 4358 580 4418 Caesaris
606 4369 634 4417 et
658 4361 865 4420 anathemet
891 4379 994 4421 versus
1017 4380 1083 4422 esse
1108 4361 1251 4424 intellexit
1270 4364 1417 4428 Cumanu-
