3292 5152
750 432 795 488 Vl·
822 431 924 501 hymni·
1384 437 1446 501 435
1559 423 1564 434 ’

301 601 435 660 Exeunte
461 602 577 660 saeculo
602 619 626 659 n
651 602 696 660 rel
722 603 837 659 ineunte
862 617 894 658 111
925 601 1040 660 titulum
1071 602 1245 679 insculptum
1275 623 1339 664 esse
1371 605 1446 664 vidit

222 695 352 769 Boeclrb‚
373 716 431 772 quo
452 698 568 774 quidem
588 703 718 773 tempore
739 714 825 754 sacra
844 694 1016 772 Telesphori
1037 697 1073 755 ad
1100 696 1276 772 placandam
1309 700 1446 776 pestilen-

222 792 293 847 tiam
313 792 445 848 Athenas
466 790 608 847 translata
634 796 739 848 esseut.
781 789 870 847 Cuius
895 790 937 847 rei
964 793 1035 850 satis
1060 793 1246 850 memorabile
1271 802 1360 868 atque
1385 813 1445 852 oer-

222 893 282 943 tum
304 892 337 943 ut
356 886 471 943 videtur
491 884 689 941 testimonium
716 885 857 959 suggessit
882 883 956 941 mihi
977 884 1129 945 Neubauer
1154 907 1191 946 ex
1217 887 1328 945 duobus
1353 888 1445 945 titulis

221 981 318 1038 atticis
343 980 466 1053 (Philist.
489 978 532 1035 Ill
555 977 610 1035 549
637 985 666 1035 et
689 978 805 1052 Ephem.
833 978 923 1053 3204)
949 979 1051 1037 eodem
1075 979 1130 1039 illo
1157 988 1289 1057 tempore
1317 981 1445 1057 scriptis,

221 1075 325 1149 quibus
345 1073 449 1149 ephebi
470 1091 550 1130 more
575 1090 627 1129 suo
648 1071 779 1147 publicas
800 1089 846 1129 res
867 1071 976 1129 imitati
997 1074 1170 1153 Τελετῲορον
1185 1072 1368 1149 Ἀσκληπιοῦ,
1392 1073 1445 1134 νέον

221 1160 282 1226 θείν
306 1167 439 1226 sodalicii
474 1167 518 1224 sui
550 1165 711 1241 principem
741 1171 890 1243 receptum
919 1166 1055 1224 referunt.
1100 1168 1221 1227 Accedit
1251 1169 1298 1227 bis
1327 1170 1445 1228 hermae

222 1262 319 1320 mutili
344 1261 539 1338 fragmentum
559 1260 709 1331 ineditum,
730 1260 810 1318 euius
829 1262 919 1318 rerba

582 1383 812 1501 μειιιιιιιιιιιινιοι
825 1387 829 1464 Ι
841 1433 848 1447 .
861 1393 1029 1468 ειιεκφονιιι

220 1518 294 1576 bene
324 1517 531 1594 interpretatus
563 1514 723 1574 Neubauer
744 1559 751 1574 .
773 1560 809 1576 ..
838 1560 845 1574 .
877 1508 973 1598 Ὑγείᾳ
1004 1509 1050 1577 καί
1081 1519 1177 1600 aloru?
1207 1506 1374 1600 Τελετῲίριρ
1404 1519 1442 1578 ad

219 1613 342 1671 eandem
362 1632 422 1670 rem
444 1616 524 1668 certo
549 1610 654 1667 iudicio
675 1610 748 1668 vidit
768 1609 921 1686 pertinere.

299 1707 462 1764 Exordium
488 1705 582 1763 simile
608 1704 734 1781 Podagri
759 1704 856 1761 uerbis
882 1705 1015 1763 baculum
1046 1708 1231 1785 adloquentis
1261 1712 1291 1770 in
1317 1711 1443 1772 Luciani

224 1801 445 1920 Τνρροιίοροιί.
449 1800 486 1858 58
501 1818 564 1875 sqq.
592 1795 688 1878 ἔγειρε,
718 1798 830 1876 τλῆμον,
861 1797 928 1871 'poia
955 1792 1068 1878 δεμνίων
1093 1795 1146 1862 alno
1168 1850 1174 1864 .
1196 1851 1203 1864 .
1225 1849 1232 1864 .
1255 1801 1389 1865 σκέδασον
1420 1802 1443 1864 δ”

221 1893 269 1953 ἀπ’
295 1887 384 1952 ίαοων
410 1885 500 1972 ιιίχιον
527 1893 562 1952 rid
560 1916 602 1972 ρος
630 1884 733 1969 βαθος,
759 1911 817 1967 quo
844 1893 946 1951 eodem
971 1914 1008 1952 ex
1034 1895 1133 1955 libello
1153 1897 1249 1975 Bergk
1271 1899 1362 1971 (Poet
1390 1901 1441 1976 lyr

221 1988 249 2047 ll
272 1989 340 2063 575)
363 1989 501 2046 indicarit
521 2009 548 2045 ν.
566 1989 621 2045 193
648 1986 864 2062 conparandum
895 2006 958 2045 cum
984 1987 1084 2064 hymni
1110 2008 1136 2049 r.
1151 1992 1169 2046 4
1199 1983 1268 2050 κλινέ
1289 2014 1344 2050 των
1369 1992 1442 2073 ίερων

220 2103 285 2161 μερο
276 2070 346 2140 ίιιων
366 2072 469 2150 ἐνοτοίς.
511 2082 622 2156 Quibus
642 2081 739 2138 verbis
760 2080 845 2138 simul
872 2093 947 2139 recte
972 2080 1090 2139 Boeclh
1115 2083 1269 2142 coniecisse
1292 2087 1441 2159 evincitur,

221 2177 336 2234 titulum
358 2196 414 2234 non
436 2177 471 2233 de
492 2176 608 2253 publico
628 2175 759 2246 consilia,
781 2175 830 2232 sed
850 2194 869 2231 a
882 2175 1069 2233 sacerdotibus
1081 2177 1278 2235 indoctioribus
1290 2189 1316 2236 et
1324 2181 1440 2255 plebeiis

220 2272 330 2329 asseclis
355 2270 481 2346 positum
508 2289 585 2341 esse;
618 2290 686 2327 nam
714 2289 768 2326 των
792 2269 917 2348 μερονιων
943 2275 977 2327 ut
1005 2270 1083 2345 apud
1107 2269 1268 2330 Lucianum
1293 2272 1441 2352 Podagrae

219 2365 310 2422 sacris
330 2365 474 2436 initiatos,
501 2366 541 2422 sie
562 2365 592 2421 iu
622 2364 706 2421 titulo
727 2363 895 2438 Aesculapii
922 2362 1084 2421 sacerdotes
1110 2364 1261 2440 significat.
1303 2366 1439 2425 Tertium

219 2459 342 2535 denique
367 2460 494 2517 eiusdem
521 2458 612 2515 libelli
639 2456 777 2515 Lucianei
802 2457 897 2514 locum
922 2456 1052 2514 adferam
1078 2458 1115 2515 ad
1140 2477 1167 2515 ν.
1184 2459 1229 2518 31.
1255 2493 1293 2503 -
1319 2459 1337 2517 5
1365 2463 1436 2540 rpei-

219 2576 263 2611 τον
289 2553 382 2621 σθένος
407 2563 450 2611 est
472 2547 591 2624 Ὕγίεια,
622 2553 702 2610 cuius
730 2552 856 2628 hymnus
881 2551 1008 2626 primum
1035 2558 1112 2610 tenet
1137 2552 1241 2611 locum.
1286 2553 1345 2628 Qui
1376 2556 1438 2614 sive

219 2648 362 2724 Licymnii
384 2658 428 2705 est
449 2647 510 2704 sive
531 2645 706 2720 Aripbronis
727 2647 776 2717 (ef.
797 2645 896 2721 Bergk
916 2646 996 2703 Poet.
1018 2646 1071 2719 lyr.
1092 2645 1138 2703 III
1162 2645 1248 2723 1249)
1269 2647 1380 2725 integer
1399 2651 1436 2707 ab

219 2743 371 2800 Athenaeo
393 2741 451 2799 XV
475 2740 561 2799 tota
581 2740 622 2797 sic
641 2741 767 2798 traditus
788 2749 845 2799 est:

292 2865 406 2943 Ὑγίεια,
427 2861 583 3021 πρεσβίστα
603 2859 746 2946 μακοίρων,
766 2857 840 2946 μετοί
863 2870 915 2926 τεῦ
933 2861 1031 2946 ναίοιμι
1050 2859 1082 2925 τί
1105 2856 1259 2947 λειτίμενον

297 2964 400 3040 βιοτοῖς,
423 2955 493 3022 all
495 2963 576 3042 ’ἔμοι
597 2949 684 3041 πρίῲρ
687 2986 721 3019 ων
743 2983 862 3031 τυνοικος
883 2958 944 3036 εἴης

296 3056 316 3116 εἰ
336 3046 389 3136 Ύοίρ
410 3081 449 3125 τις
469 3063 483 3129 ἡ
480 3048 626 3115 πλοιίτοιν
646 3043 723 3135 χοίρις
745 3083 758 3129 η
749 3048 881 3116 τεκέων

294 3179 309 3226 ν,
330 3173 380 3219 τας
402 3145 568 3229 ἰσοδαίμονος
557 3142 738 3224 ςοίνθρωτιοις
759 3146 916 3227 βασιληίδος
938 3148 1060 3229 ἀρχοῒςη
1049 3143 1183 3224 πίθων,

298 3237 343 3314 οὓς
364 3241 484 3324 κρυφίοις
501 3239 609 3322 ’ὁΑῲρο
608 3236 672 3312 “·ίτας
692 3266 804 3322 αρκυτιν
824 3233 984 3325 θηρευομεν,

293 3333 309 3414 ἢ
330 3337 356 3397 εί
370 3362 409 3407 τις
430 3329 505 3397 stlta
525 3325 621 3398 θείθεν
641 3325 803 3416 ανθρινίντοιτι
822 3340 917 3420 τέρψις
938 3331 955 3413 ol
975 3330 1058 3397 τίνων
1077 3326 1187 3417 οἱμνινοοί
1210 3347 1354 3421 πέφανται,

293 3424 368 3512 μετοὶ
390 3433 453 3506 σεῖο,
475 3422 588 3510 μάκαιρ’
607 3425 720 3505 Ὕγίεια,

292 3529 395 3587 τέθαλε
417 3515 505 3586 ποίντα
525 3520 571 3587 καί
592 3517 696 3605 λοίμιτει
715 3521 840 3607 Χαρίτων
861 3524 916 3607 ἔαρ·

294 3621 373 3680 σέθεν
393 3617 421 3678 δὲ
440 3613 521 3699 χωρίς
543 3612 614 3688 olea
635 3615 774 3700 εὐδαίμων
800 3619 863 3701 lde.

292 3749 452 3807 Exordium
472 3756 634 3824 praeterea,
659 3749 684 3806 si
705 3758 806 3807 testem
826 3749 912 3808 titulo
932 3750 991 3807 fere
1011 3752 1164 3828 aequalem
1183 3753 1323 3829 requiras,
1344 3755 1430 3815 Luci·

215 3862 287 3900 anus
308 3844 437 3900 servavit
457 3843 524 3917 (pro
546 3842 628 3914 lapsu
647 3845 676 3897 ι’νι
696 3844 779 3901 solat.
798 3861 822 3899 c.
837 3843 879 3918 6),
893 3862 951 3901 non
965 3843 1132 3920 discrepans
1146 3846 1195 3903 ille
1209 3847 1246 3903 ab
1261 3847 1423 3909 Athenaeo.

215 3937 372 4014 Discrepat
393 3957 460 3994 vero
480 3935 525 3991 vel
547 3933 674 3991 maxime
694 3936 783 4010 lapis,
809 3936 890 3993 cuius
909 3937 950 3993 rei
971 3956 1036 3995 oum
1061 3939 1089 3993 in
1116 3938 1276 3995 sententiae
1303 3939 1428 4013 gratiani

214 4031 285 4087 nihil
307 4032 365 4088 sere
386 4033 409 4087 si
431 4049 519 4087 unum
541 4029 690 4102 exceperis
710 4035 850 4087 mutatum
871 4029 908 4086 sit
928 4029 1002 4086 aliae
1022 4049 1127 4088 causae
1151 4029 1429 4105 circumspiciendao

214 4132 289 4182 suut.
331 4123 409 4181 Nam
430 4135 461 4180 ut
481 4124 596 4179 mittem
617 4121 721 4178 menda
741 4122 965 4199 orthographica
984 4133 1012 4180 et
1032 4122 1133 4180 leviter
1152 4131 1248 4179 errata
1268 4111 1428 4201 ιῑνθρινίτους

214 4217 254 4292 (ν.
272 4220 330 4293 10),
350 4212 427 4295 χάριν
448 4219 488 4291 (r.
504 4217 545 4290 9),
571 4211 666 4292 τέρψιν
686 4216 725 4290 (ν.
743 4214 806 4291 12),
833 4234 964 4290 quaeque
984 4215 1135 4274 deterioris
1155 4213 1280 4273 sortasse
1300 4218 1427 4296 exempli

214 4312 352 4368 lectiones
373 4314 496 4383 fuerunt,
517 4309 597 4366 velut
617 4312 668 4366 τοῦ
687 4328 740 4384 pro
762 4310 813 4367 oni
832 4308 875 4384 (v.
890 4309 930 4384 7),
951 4303 1012 4386 βίου
1032 4327 1086 4385 pro
1100 4305 1195 4384 βιοτᾶς
1209 4306 1250 4383 (v.
1265 4307 1305 4383 8),
1327 4307 1427 4387 {vatim

214 4406 263 4482 (de
289 4425 345 4481 quo
372 4406 471 4462 statim
496 4405 603 4478 dicam)
629 4421 682 4477 pro
708 4390 826 4476 ξιίνοικος
855 4398 907 4478 ιίης
937 4403 978 4479 (ν.
993 4400 1038 4476 ὃ),
1067 4399 1192 4477 denique
1221 4401 1428 4481 interpolatum

1172 4494 1226 4552 28⁹
