3292 5152
320 401 355 448 v1
845 385 981 453 praefatio.

317 555 416 613 codice
436 553 569 611 Palatino
589 572 630 612 vu
652 554 814 612 etl-340
841 544 913 633 nupsi
942 559 992 612 τοῦ
1019 548 1175 632 μακαρίτου
1201 544 1344 631 Γρηγορίου
1371 550 1530 627 liupdrud?

318 657 464 733 descripta
483 657 617 733 leguntur
637 676 746 732 quaeve
769 676 833 714 cum
854 657 903 714 alii
923 657 1079 732 scriptores
1099 666 1161 714 tum
1175 655 1337 714 Pausanias
1350 674 1386 711 ex
1401 654 1529 728 periege-

320 767 413 816 tarum
434 759 492 817 fide
511 760 588 817 haud
608 760 744 835 ambigua
764 759 881 817 rettulit
923 758 1006 833 Quae
1026 759 1124 816 omnia
1145 777 1202 815 una
1222 775 1287 814 cum
1301 755 1426 814 oraculis
1446 754 1527 811 aliis-

319 880 375 936 que
394 861 535 920 similibus
555 861 790 938 inscriptionibus
808 862 941 939 genuinis
955 860 1094 937 singulari
1109 860 1266 935 uliquando
1281 858 1355 917 libro
1371 855 1530 933 conplexus

319 964 411 1037 edam,
432 983 524 1039 neque
544 964 639 1022 minus
660 983 734 1039 quae
754 973 869 1022 nostrae
889 963 993 1021 aetatis
1013 963 1203 1040 antiquitates
1224 960 1419 1037 investigandi
1445 959 1530 1017 sedu-

319 1065 384 1123 litas
410 1067 630 1143 reperiendique
654 1067 777 1124 felicitas
803 1083 879 1124 nova
909 1065 1064 1142 protulerit
1094 1064 1236 1140 conligere
1267 1068 1298 1120 et
1326 1082 1362 1121 ex
1393 1061 1530 1119 instituto

319 1168 441 1226 consilio
462 1174 586 1227 tractare
607 1186 732 1246 pergant

397 1271 510 1329 Inedita
530 1270 605 1327 haud
626 1271 668 1327 ita
688 1271 780 1328 multa
805 1270 876 1328 mihi
901 1277 1017 1347 praesto
1043 1270 1133 1329 fuisse
1159 1269 1370 1346 epigrammata
1395 1268 1459 1343 ipsa
1485 1283 1532 1322 res

320 1374 394 1431 tulit.
436 1372 514 1430 Nam
536 1373 589 1431 etsi
609 1373 768 1430 amicorum
789 1373 899 1430 auxilio
920 1391 1068 1449 nunquam
1088 1372 1243 1431 destitutus
1268 1371 1445 1447 accipiebam
1473 1368 1532 1426 lere

320 1495 394 1551 quae
420 1476 481 1533 sive
501 1476 614 1533 Romae
640 1483 669 1531 et
689 1475 814 1533 Athenis
839 1476 900 1533 sive
928 1476 958 1533 in
986 1475 1052 1533 aliis
1073 1474 1214 1535 Graeciae
1234 1474 1374 1533 ltaliaeve
1400 1472 1531 1547 partibus

321 1579 545 1655 reperiebantur,
576 1587 670 1635 tamen
701 1578 825 1635 feliciter
853 1577 962 1635 factum
992 1586 1037 1635 est
1066 1587 1098 1635 ut
1128 1583 1274 1636 nostrates
1304 1595 1380 1652 quae
1410 1574 1532 1632 alicuius

320 1688 416 1739 essent
435 1680 576 1738 momenti
596 1681 634 1738 ad
655 1689 781 1738 veterum
803 1698 849 1738 res
870 1679 1042 1756 litterasque
1062 1680 1277 1756 cognoscendas
1297 1696 1385 1754 quam
1407 1677 1531 1754 primum

320 1784 382 1841 fieri
402 1789 503 1861 posset
522 1782 608 1840 edere
628 1782 802 1840 consuerint.
843 1780 920 1843 Sunt
940 1801 1008 1839 vero
1030 1801 1105 1858 quae
1124 1783 1238 1860 primus
1258 1799 1312 1858 ego
1331 1781 1455 1859 prodam
1469 1779 1532 1836 sive

320 1906 338 1943 a
357 1887 487 1961 meipso
507 1884 577 1942 olim
597 1884 746 1961 descripta
766 1885 827 1943 sive
847 1884 971 1943 aliorum
992 1885 1132 1944 beneficio
1152 1885 1259 1944 debita.

396 1986 553 2044 Difficilius
591 1996 651 2044 erat
688 1987 820 2045 conlecta
856 1988 1010 2064 generibus
1048 1987 1205 2046 inlustrare
1237 1985 1432 2061 partibusque
1465 1989 1534 2060 apte

320 2090 482 2148 discribere.
517 2089 590 2148 Cum
611 2089 687 2146 enim
707 2089 737 2146 in
758 2109 846 2147 unum
868 2090 1126 2166 conprehendenda
1146 2099 1243 2148 essent
1262 2107 1336 2165 quae
1355 2089 1455 2146 decem
1475 2087 1535 2144 fere

320 2192 503 2250 saeculorum
524 2192 620 2267 spatio
641 2191 672 2248 iu
692 2191 825 2250 omnibus
846 2192 905 2250 fere
926 2193 1005 2251 orbis
1026 2203 1167 2251 terrarum
1188 2191 1333 2267 partibus,
1353 2191 1404 2249 ubi
1418 2189 1535 2265 quidem

267 2317 269 2320 >
320 2312 414 2351 sermo
429 2311 550 2369 graecus
566 2294 682 2368 vigeret,
703 2293 850 2368 lapidibus
864 2294 1002 2352 mandata
1016 2304 1121 2367 essent,
1141 2313 1201 2352 non
1216 2313 1231 2351 e
1245 2313 1276 2352 re
1290 2293 1352 2351 fore
1370 2291 1536 2351 arbitrabar

320 2396 353 2466 si,
374 2395 451 2469 quod
471 2405 547 2452 recte
568 2395 677 2452 l'aciunt
696 2396 745 2469 qui
766 2395 989 2470 Inscriptionum
1010 2395 1141 2472 Corpora
1160 2397 1297 2466 condunt,
1326 2416 1361 2454 ex
1382 2394 1445 2454 solo
1470 2412 1535 2470 geo-

319 2495 459 2573 graphico
480 2497 529 2571 qui
550 2496 655 2555 dicitur
675 2497 775 2554 ordine
795 2497 1008 2574 epigrammata
1028 2499 1198 2576 digererem,
1219 2519 1277 2576 qua
1297 2499 1408 2558 scilicet
1425 2518 1458 2556 rs
1471 2516 1536 2555 sae-

319 2599 385 2674 pius
399 2599 631 2675 disiungerentur
646 2617 720 2674 quae
733 2599 879 2675 iungenda
891 2611 973 2658 erant
992 2601 1164 2677 diversaque
1178 2602 1265 2678 plane
1283 2602 1535 2672 conmiseereutur,

319 2701 369 2759 sed
384 2701 464 2758 varia
477 2707 713 2777 argumentorum
726 2720 832 2778 genera
845 2702 1056 2779 distinguenda,
1070 2714 1221 2780 praeterea
1231 2713 1394 2781 temporum
1406 2703 1536 2761 locorum

319 2802 426 2879 ingenii
455 2803 624 2879 disciplinae
654 2804 727 2861 artis
757 2804 830 2862 ratio
865 2804 999 2866 habenda
1033 2814 1104 2865 erat.
1154 2805 1278 2864 Meliora
1318 2806 1396 2864 enim
1432 2814 1535 2880 quarto

319 2924 344 2964 a.
368 2905 434 2964 chr.
456 2925 483 2963 n.
504 2922 592 2980 quam
612 2905 696 2961 tertio
716 2925 744 2982 p.
767 2905 834 2966 Chr.
857 2926 884 2962 n.
906 2908 1020 2965 saeculo
1045 2908 1228 2984 proveniunt,
1256 2908 1379 2966 meliora
1408 2907 1536 2983 plerum-

320 3026 376 3081 que
407 3006 530 3063 Athenis
563 3025 650 3082 quam
680 3008 757 3083 apud
784 3007 959 3068 Macedones
985 3009 1144 3087 Syrosque,
1177 3011 1281 3069 melius
1309 3009 1414 3070 Graeci
1444 3029 1534 3086 quum

319 3108 436 3166 barbari
456 3109 549 3167 cultae
569 3108 684 3184 linguae
705 3128 770 3168 sero
795 3111 907 3169 adsueti
932 3111 1073 3186 locuntur,
1099 3120 1129 3172 et
1153 3113 1232 3190 quod
1256 3114 1464 3190 gravissimum
1491 3120 1536 3172 est

321 3209 352 3266 in
372 3211 459 3268 certis
480 3211 653 3286 quibusdam
677 3212 838 3271 civitatibus
863 3216 1078 3290 provinciisque
1103 3223 1213 3276 certum
1247 3217 1393 3292 quoddam
1421 3217 1537 3276 dicendi

322 3311 520 3388 sentiendique
540 3332 632 3390 genus
653 3313 779 3372 florebat
798 3317 1052 3394 exercebaturque,
1073 3338 1148 3394 quae
1168 3335 1269 3378 omnes
1288 3339 1345 3392 res,
1370 3320 1395 3377 si
1421 3321 1537 3395 quidem

322 3415 383 3491 ipse
405 3415 474 3472 mibi
495 3425 630 3474 constare
651 3416 738 3489 volui,
760 3417 788 3474 in
808 3436 927 3477 censum
947 3419 992 3478 vel
1018 3422 1144 3479 maxime
1170 3432 1251 3480 eraut
1276 3423 1436 3483 vocandae.
1476 3423 1537 3481 Ita-

322 3535 377 3591 que
398 3527 429 3573 ut
449 3517 485 3574 de
506 3518 716 3594 sepulcralibus
737 3519 862 3594 primurn
883 3520 976 3579 dicam
996 3521 1091 3580 titulis
1111 3524 1237 3598 primum
1251 3534 1365 3602 partem
1378 3526 1535 3583 atticorum

321 3617 387 3690 seui,
408 3618 448 3675 ita
468 3626 565 3676 tumen
587 3626 619 3677 ut
639 3637 713 3695 quse
733 3639 851 3696 graecae
871 3630 968 3681 essent
987 3624 1092 3682 aetatis
1113 3644 1245 3701 quaeque
1258 3647 1446 3687 romanorum
1463 3637 1535 3687 tcm-

321 3738 424 3795 porum
445 3738 508 3778 esse
530 3722 695 3779 viderentur
719 3740 903 3781 secernerem.
944 3723 1084 3784 Subiuuxi
1110 3726 1272 3788 insularum
1295 3732 1441 3808 Asiaeque
1474 3731 1534 3808 epi-

322 3829 495 3896 grammata,
517 3823 544 3879 in
567 3823 672 3898 quibus
693 3823 797 3882 indolis
817 3843 937 3899 graecae
958 3827 1019 3884 sive
1040 3829 1132 3886 maris
1153 3831 1226 3890 artis
1252 3833 1458 3892 alexandrinae
1473 3835 1535 3893 lou·

322 3924 438 4001 gissime
458 3933 559 3999 patent
580 3925 701 4002 vestigia
720 3935 749 3983 et
768 3927 887 3985 fructus.
930 3928 989 3989 Sed
1012 3933 1171 3991 earundem
1190 3935 1340 4013 regionum
1360 3955 1425 3995 cum
1451 3936 1537 4014 longe

323 4027 415 4084 maior
434 4045 502 4101 pars
523 4028 692 4086 inferiorum
711 4038 788 4086 esset
807 4039 970 4105 temporum
993 4042 1021 4090 et
1047 4032 1197 4096 hominurn
1221 4038 1415 4111 incultiorum,
1441 4041 1536 4116 priore

322 4129 387 4185 loco
408 4130 491 4204 posui
511 4127 638 4189 melioris
659 4141 745 4189 uotae
765 4131 986 4208 epigrammata,
1006 4135 1097 4195 altero
1118 4138 1296 4217 reliquorum
1316 4140 1535 4200 multitudinem

323 4230 416 4293 adieci
437 4232 652 4317 provinciarum
673 4233 732 4294 fere
752 4234 880 4294 ordinem
908 4242 1036 4298 secutus:
1067 4258 1136 4300 nam
1170 4243 1201 4305 iu
1232 4261 1322 4303 unum
1352 4245 1535 4325 conponendi
