3262 5152
237 416 300 482 468
708 411 905 482 Epigrammata
924 411 1005 465 varia.

239 590 341 659 poetae
351 601 458 640 nomen
470 581 680 658 praescriptum
698 586 751 649 est,
770 590 903 657 recteque
914 580 1046 638 Visconti
1057 580 1229 639 Marcellum
1240 578 1365 641 Sideten
1382 578 1470 637 intel·

202 678 320 750 .lexit,
341 678 422 736 cuius
438 685 570 751 superest
589 676 784 751 fragmentum
799 667 857 753 περὶ
850 662 981 753 ιίχθιῖων
995 675 1087 748 (Post.
1102 675 1190 733 bacol.
1207 685 1234 733 et
1250 674 1360 731 didact.
1374 670 1469 731 Paris.

200 752 339 883 61846)
362 772 498 830 Eundem
509 780 605 829 antem
616 769 738 827 alterum
748 788 864 846 quoque
877 787 993 829 carmen
1010 768 1173 844 scripsisse,
1183 769 1264 845 quod
1270 766 1420 827 Brunclt
1410 767 1470 843 rpai

200 832 352 924 Herodi
374 865 481 938 tribuit,
502 874 580 922 certa
601 871 647 921 est
661 864 802 922 Viscontii
823 864 995 922 coniectura.
1027 861 1105 919 Nam
1125 871 1158 919 ut
1177 868 1293 921 taceam
1315 861 1470 969 utriusque

239 960 374 1018 carminis
401 963 493 1017 artem
518 958 660 1016 rationem
681 958 809 1016 indolem
829 959 915 1034 plane
935 956 1088 1033 aequales,
1114 956 1164 1013 vix
1179 954 1323 1015 Herodem
1344 960 1420 1033 puto
1441 955 1468 1012 si

239 1054 300 1129 ipse
320 1052 463 1110 voluisset
483 1052 590 1129 ingenii
611 1052 655 1108 sui
680 1053 840 1128 periculum
865 1053 959 1110 facere
986 1050 1042 1109 sibi
1069 1067 1134 1107 eam
1161 1049 1326 1126 argumenti
1352 1057 1468 1125 partam

238 1154 422 1223 sumpturum
448 1145 553 1218 fuisse,
585 1164 659 1219 quae
690 1166 708 1202 a
739 1147 841 1220 quovis
867 1145 925 1203 alio
949 1144 1069 1202 tractari
1093 1150 1209 1218 posset,
1241 1143 1469 1201 domesticarum

241 1260 337 1297 rerum
357 1240 510 1316 gentisque
532 1258 602 1296 suae
623 1237 807 1297 enarratione
827 1238 966 1297 Marcello
987 1237 1097 1296 relicta.
1130 1234 1237 1313 Neque
1257 1236 1378 1294 illorum
1398 1254 1469 1312 poe·

240 1340 337 1393 tarum
359 1334 408 1409 qui
430 1333 600 1391 Hadrianou
622 1332 737 1390 saeculo
757 1333 939 1408 pullulabant
959 1352 1021 1389 ruos
1043 1338 1107 1389 erat
1120 1338 1154 1388 ut
1173 1330 1246 1407 quid
1265 1329 1325 1405 ipsi
1346 1330 1469 1407 ingenio

239 1428 369 1486 valerent
389 1427 464 1484 alios
486 1426 620 1484 celarent.
651 1427 752 1501 ltaque
773 1427 851 1501 quod
866 1425 996 1484 Marcelli
1019 1423 1136 1483 nominc
1156 1423 1327 1501 insignitum
1341 1428 1467 1481 661666-

239 1541 305 1580 men
331 1521 429 1596 priore
455 1520 519 1578 loco
539 1520 633 1595 posui.
673 1519 807 1577 Diversis
834 1527 932 1577 autern
958 1519 1028 1577 locis
1049 1517 1155 1575 Clarae
1180 1516 1326 1575 intellexit
1350 1516 1469 1593 lapides

239 1614 350 1690 positos
370 1613 475 1687 fuisse,
503 1632 625 1689 quorum
646 1613 747 1670 titulos
774 1613 855 1670 nulla
875 1632 971 1670 rerum
998 1610 1211 1670 necessitudine
1236 1610 1312 1669 inter
1336 1628 1372 1669 se
1397 1630 1469 1669 con·

240 1708 354 1765 iunctos
381 1725 444 1765 esse
471 1707 599 1783 adparet.
643 1707 745 1764 Vicina
771 1707 877 1764 luerint
898 1706 1046 1763 Minervae
1072 1704 1267 1781 Nemesisque
1291 1714 1322 1761 et
1348 1702 1469 1764 Cereris

240 1800 454 1877 Faustinaeque
476 1801 556 1873 iana,
584 1801 626 1858 ita
652 1808 748 1857 tamen
769 1810 799 1857 ut
819 1800 979 1877 Triopeum
1000 1799 1174 1876 ingredienti
1195 1798 1317 1856 alterum
1341 1800 1469 1877 propius

239 1904 372 1954 66661-
388 1896 404 1952 3
419 1895 518 1952 Annia
538 1895 654 1971 Regilla
674 1895 764 1971 Appii
787 1893 873 1952 Annii
895 1893 978 1950 Atilii
999 1892 1132 1951 Braduae
1152 1893 1224 1967 (cos.
1244 1912 1272 1953 a.
1288 1894 1359 1969 160)
1381 1912 1470 1953 soror

240 1995 318 2062 erat,
345 2008 467 2064 quorum
493 2008 529 2045 ex
558 1989 724 2046 nominibus
743 1988 851 2046 frustra
870 1988 1070 2064 cognationem
1091 1988 1128 2045 ab
1141 1987 1215 2063 ipsis
1228 1986 1309 2046 Iuliis
1322 1988 1468 2046 Aeneare

239 2083 397 2142 ducendam
421 2084 640 2158 quaesiverunt;
663 2082 715 2138 illo
736 2081 813 2139 enim
834 2089 962 2158 tempore
983 2102 1083 2140 omnes
1097 2082 1225 2141 Romani
1245 2082 1401 2140 Aeneadae
1414 2101 1468 2141 vo·

238 2177 378 2234 cabantur
403 2177 513 2253 poetis,
539 2177 574 2233 61.
601 2195 691 2252 supra
710 2177 747 2234 ad
768 2196 796 2233 n.
811 2177 913 2247 2765.
935 2211 973 2219 -
995 2176 1012 2233 6
1036 2176 1162 2234 Cererem
1187 2194 1288 2233 accam
1314 2182 1396 2235 recte
1421 2176 1468 2234 in·

145 2324 150 2333 ,
239 2270 411 2327 tellexerunt
429 2269 614 2339 Faustinam,
635 2290 728 2344 neque
749 2280 815 2346 post
836 2270 941 2348 Heysei
962 2270 1087 2328 calculos
1101 2290 1119 2328 a
1132 2270 1257 2328 Franzio
1270 2269 1467 2327 confirmatos

239 2373 397 2438 auctosque
423 2363 545 2421 dubium
570 2382 632 2420 esse
659 2372 756 2439 potest
782 2364 850 2438 quin
872 2364 1010 2421 Faustina
1037 2364 1129 2423 maior
1148 2362 1286 2422 Antonini
1313 2362 1364 2421 Pii
1390 2384 1467 2422 uxor

240 2458 427 2534 significetur,
449 2476 523 2532 quae
543 2456 632 2514 etiam
653 2457 681 2512 in
701 2457 828 2514 nummis
849 2459 966 2534 saepius
988 2456 1101 2516 Cereris
1122 2458 1219 2535 specie
1243 2457 1342 2516 utitur.
1379 2454 1464 2515 Mam

241 2560 271 2607 61
298 2551 423 2608 breviter
442 2550 606 2625 conplectar
626 2569 700 2625 quae.
720 2550 776 2607 huc
796 2551 914 2624 faciunt,
934 2551 1077 2627 Regillum
1092 2569 1178 2626 quam
1195 2560 1261 2627 post
1281 2550 1382 2608 fratris
1395 2569 1466 2609 eon·

241 2644 368 2703 sulatum
385 2644 425 2718 (a.
442 2644 509 2719 160)
526 2644 633 2702 obiisse
653 2664 689 2701 ex
703 2644 885 2705 Philostrato
900 2651 1021 2717 constat,
1043 2654 1109 2702 aute
1122 2662 1231 2702 annum
1247 2643 1302 2702 lot
1315 2654 1465 2703 mortuam

241 2756 304 2796 esse
318 2755 439 2794 necesse
453 2744 505 2810 est,
520 2737 545 2794 si
560 2737 677 2812 quidem
691 2739 855 2797 Antoninus
869 2738 947 2813 Pius,
969 2739 1016 2814 661
1032 2758 1057 2797 6.
1079 2739 1129 2795 161
1147 2738 1279 2807 decessit,
1299 2737 1414 2797 Herodi
1428 2739 1466 2797 de

240 2832 340 2889 uxoris
372 2840 463 2887 morte
491 2832 619 2907 graviter
645 2832 760 2889 adflicto
788 2832 884 2890 solatii
910 2833 1020 2909 aliquid
1044 2833 1192 2892 adlaturus
1212 2832 1342 2891 Atticum
1367 2830 1466 2891 lilium

242 2926 375 3002 patriciis
396 2925 548 3000 adscripsit
566 2924 615 3000 (C.
635 2926 659 2984 1.
681 2926 756 2985 6185
777 2926 842 2986 coll.
863 2947 890 2985 v.
907 2926 967 3003 28).
999 2926 1110 2985 Herodi
1131 2947 1196 2985 cum
1216 2926 1372 3005 Triopeum
1393 2944 1466 2985 con·

242 3021 323 3078 deret
348 3020 405 3077 duo
427 3019 509 3076 liberi
529 3031 699 3097 supererant
719 3022 758 3093 (v.
778 3021 836 3096 16),
856 3041 872 3077 6
892 3021 996 3096 quibus
1016 3020 1151 3097 Elpinice
1171 3021 1233 3079 lilia
1252 3028 1320 3098 post
1338 3030 1465 3079 matram

243 3121 317 3172 16616
337 3113 525 3187 Philostrato,
546 3115 594 3171 sed
616 3124 683 3172 ante
703 3120 883 3172 mortuaest
903 3134 990 3190 quam
1010 3122 1095 3190 pater
1115 3114 1254 3174 Sirmium
1279 3114 1317 3173 ad
1337 3114 1377 3174 Μ.
1400 3116 1465 3173 Au-

245 3209 346 3267 relium
370 3210 563 3286 inperatorem
583 3209 827 3285 proficisceretur;
860 3210 939 3284 quod
958 3209 1063 3266 factum
1085 3219 1168 3267 esta
1186 3210 1250 3267 171.
1282 3208 1316 3265 16
1334 3206 1466 3285 Triopeo

242 3301 335 3377 igitur
356 3302 411 3360 etsi
432 3302 585 3377 aliquanto
605 3313 672 3377 post
692 3303 825 3379 Regillus
846 3304 956 3361 obitum
977 3312 1072 3360 tamen
1093 3314 1158 3361 ante
1179 3323 1204 3362 a
1222 3304 1272 3361 171
1302 3302 1466 3361 6666111616

242 3393 399 3453 Faustinae
413 3396 527 3467 minori,
553 3415 628 3470 quae
648 3416 672 3453 a.
692 3397 744 3454 176
763 3397 824 3454 vita
837 3397 967 3469 decessit,
988 3415 1046 3454 non
1060 3403 1218 3473 potuerunt
1231 3396 1321 3453 divini
1334 3396 1465 3455 honores

243 3487 357 3560 lraberi;
379 3489 509 3564 sequitur
523 3489 694 3547 Faustinam
715 3491 855 3547 maiorem
876 3490 1097 3566 intellegendam
1113 3508 1175 3548 6666
1188 3507 1253 3549 cum
1268 3488 1413 3547 Arnaldo.
1434 3522 1464 3533 -·

247 3582 281 3637 10
301 3583 443 3639 sententia
463 3583 509 3640 hic
528 3594 647 3659 coepta,
674 3603 742 3641 mox
763 3584 820 3642 alio
842 3584 971 3659 digressa
991 3602 1018 3638 v.
1037 3584 1145 3659 l9sqq.
1167 3583 1275 3660 duplici
1300 3583 1382 3642 exitu
1407 3584 1464 3643 ab·

244 3674 366 3731 solvitur
386 3676 436 3731 hoc
456 3676 548 3733 solatii
575 3681 598 3733 ei
623 3679 726 3733 doloris
753 3682 865 3751 conticit
892 3688 919 3733 at
940 3679 1046 3752 Iupiter
1070 3678 1229 3750 dces'tenctam
1255 3678 1296 3733 ad
1319 3676 1464 3735 beatorum

243 3770 318 3825 661166
333 3771 508 3844 perduceret,
532 3770 639 3827 Caesar
655 3771 728 3826 Iocis
748 3775 840 3844 putris
859 3772 954 3829 similia
968 3772 1060 3845 filiam
1080 3774 1176 3829 eximio
1197 3771 1299 3828 honore
1317 3770 1463 3843 adficeret.

244 3894 279 3904 -
306 3863 338 3919 17
355 3868 525 3937 prinsquam
550 3867 689 3920 senectutis
710 3865 782 3937 fines
805 3869 963 3937 attingerem
995 3872 1071 3921 recte
1096 3864 1240 3921 Martialis
1266 3864 1358 3921 Maces
1383 3864 1463 3921 coloe

244 3955 393 4012 sortierunt
414 3956 474 4031 (IX
498 3957 555 4033 18).
577 3991 611 4000 -
639 3960 671 4016 11)
686 3959 722 4015 66
744 3953 844 4038 inlapsa
865 3959 1058 4035 supplendum
1078 3958 1264 4034 participium
1284 3955 1362 4013 velut
1387 3946 1463 4029 dur‘e,

245 4059 275 4104 61
295 4049 332 4105 611
353 4049 426 4106 idern
447 4068 482 4107 ac
501 4042 693 4129 χαρισάμενος.
715 4086 745 4096 -
773 4053 810 4110 20
821 4054 857 4110 61.
879 4052 915 4108 ad
935 4071 963 4109 v.
978 4053 1003 4111 6.
1026 4084 1063 4094 -
1085 4051 1284 4109 1366666
1304 4051 1381 4107 calce
1401 4052 1463 4109 cat·

246 4146 379 4197 recreanti
398 4144 525 4216 uclpocito
547 4144 649 4219 (schol.
673 4148 777 4222 quen.)
799 4155 861 4204 crat
874 4145 987 4220 patricii
1002 4146 1180 4203 senatorisve
1193 4144 1314 4221 insigne,
1336 4143 1373 4203 61.
1387 4142 1463 4203 Phi·

247 4232 327 4291 lostr.
343 4239 390 4293 uit.
408 4236 511 4294 Herod.
522 4257 552 4314 p.
564 4238 620 4295 555
636 4234 790 4320 ἐπισφύρων
811 4231 979 4319 ἐλεφάντινον
995 4236 1138 4317 μηνοειδές.
1166 4238 1210 4297 of.
1222 4237 1281 4297 Th.
1297 4238 1462 4297 Mommsen

245 4326 338 4384 Boem.
353 4328 514 4406 Fercem,
536 4333 585 4408 661
608 4335 773 4394 coercendis
794 4333 980 4394 calceamenti
1001 4333 1124 4391 vinculis
1144 4332 1273 4391 lunulam
1292 4337 1462 4410 argenteam
