3262 5152
814 1562 881 1601 neque
905 1554 926 1590 ln
946 1555 1001 1591 bona
1023 1557 1091 1601 repete
1112 1556 1193 1593 nullam
1215 1559 1248 1592 eat

813 1620 899 1668 spicam
912 1630 1004 1669 acquum
1017 1631 1084 1671 neque
1099 1621 1121 1659 in
1134 1623 1193 1661 stralo
1207 1631 1249 1659 aaa

1217 1770 1291 1810 Varro.
1296 1745 1338 1858 ,β
1344 1736 1417 1817 „sistit
1425 1794 1429 1809 ,
1438 1720 1470 1836 d'
1482 1732 1545 1795 2¹25
1552 1770 1557 1779 ··

814 1685 903 1737 albrad
915 1687 997 1727 bonam

186 1956 325 2049 Vestrae
345 1989 413 2048 lidei
435 1998 600 2066 vestroque,
629 1989 683 2047 viri
706 1991 819 2067 optimi,
844 1991 934 2049 amori
959 1991 1094 2066 quoniam
1115 1990 1190 2049 huuc
1215 1991 1321 2049 librum

105 2093 354 2154 conmendaturus
375 2111 438 2151 sum
464 2091 566 2171 paucis
593 2110 737 2167 exponere
763 2093 844 2152 decet
869 2092 968 2168 qualis
994 2112 1079 2167 quem
1105 2098 1173 2151 aute
1198 2093 1251 2152 hos
1272 2113 1320 2152 sea

105 2217 199 2256 annos
228 2206 394 2255 nascentem
420 2195 534 2254 vidistis
559 2193 760 2271 singularique
785 2196 881 2255 studio
906 2195 1019 2254 fovistis
1050 2195 1109 2252 iam
1138 2194 1256 2253 adultus
1286 2196 1324 2254 ad

105 2320 158 2359 vos
179 2299 289 2359 redeat

183 2402 406 2479 Epigrammata
424 2417 572 2477 graecae
597 2399 744 2476 lapidibus
769 2404 891 2476 excepta
917 2400 1024 2477 triplex
1045 2401 1100 2458 fnit
1123 2419 1228 2458 munus
1255 2419 1323 2459 con·

104 2505 215 2581 ligendi
237 2502 410 2562 emendandi
430 2502 600 2576 adnotandi,
621 2522 744 2579 quorum
765 2502 892 2578 primum
914 2521 984 2562 sane
1003 2523 1061 2561 non
1079 2523 1171 2579 aeque
1185 2504 1255 2562 mihi
1269 2504 1325 2564 luit

105 2606 228 2666 difficile
249 2617 278 2664 ot
299 2605 463 2682 ambiguum
484 2623 570 2680 quam
592 2605 635 2663 eis
656 2606 704 2683 qui
724 2605 795 2663 olim
816 2605 939 2663 similem
960 2626 1021 2664 rem
1042 2606 1172 2683 adgressi
1193 2615 1324 2664 nontam

106 2709 299 2786 conlegerunt
328 2708 539 2784 epigrammata
568 2725 656 2782 quam
685 2706 843 2784 elegerunt.
894 2707 966 2764 Mihi
1001 2728 1069 2767 vero
1099 2727 1165 2767 cum
1195 2709 1323 2766 omnium

104 2818 255 2890 quotquot
274 2829 311 2868 ex
333 2808 478 2886 lapidibus
499 2807 646 2885 descripta
664 2809 808 2869 habentur
828 2810 1065 2886 epigrammatum
1080 2829 1248 2886 graecorum
1264 2829 1323 2868 non

102 2915 222 2992 eclogen
254 2913 306 2971 scd
333 2910 465 2989 syllogen
493 2910 608 2987 plenam
638 2912 697 2970 fere
727 2923 756 2971 et
785 2912 948 2971 absolutam
979 2932 1139 2989 proponere
1169 2913 1321 2971 consilium

104 3018 203 3089 fuerit,
226 3015 253 3073 si
274 3033 350 3090 quae
370 3013 574 3072 desiderantur
594 3032 628 3071 ea
648 3033 744 3073 errore
765 3015 907 3093 culpaque
928 3034 993 3073 mea
1013 3016 1120 3074 omissa
1144 3016 1321 3092 putaveritis.

102 3118 245 3180 Consulto
264 3136 334 3176 vero
354 3116 439 3174 omisi
459 3133 524 3174 cum
545 3134 675 3192 eaquae
701 3118 774 3177 adeo
802 3117 906 3176 mutila
934 3125 1016 3175 eraut
1041 3123 1073 3175 ut
1098 3137 1134 3177 ne
1159 3118 1195 3176 de
1220 3128 1322 3177 natura

106 3222 227 3299 quidem
248 3218 327 3278 tituli
348 3218 451 3295 integri
472 3218 592 3277 iudicari
613 3229 713 3296 posset
733 3231 793 3278 tum
814 3238 944 3296 eaquae
965 3241 1000 3278 ex
1020 3221 1169 3280 codicibus
1190 3220 1323 3279 antholo-

105 3325 199 3402 giisre
219 3323 315 3401 petita
335 3321 442 3379 iniuria
455 3320 637 3397 aliquamdiu
652 3323 728 3381 iuter
740 3324 840 3382 titulos
855 3323 1028 3396 ferebantur,
1049 3321 1129 3381 velut
1146 3322 1324 3400 epigramma

102 3424 228 3485 Hesiodi
249 3424 364 3501 tripodi
386 3423 565 3500 inscriptum,
586 3421 703 3484 Homeri
726 3424 897 3504 Sapphonis
918 3425 1059 3502 Diogenis
1080 3423 1209 3503 Oppiani
1229 3425 1323 3502 epita-

102 3529 184 3609 phia,
214 3527 341 3605 Pythiae
366 3526 490 3602 denique
516 3526 664 3586 oraculum
691 3528 736 3603 (C.
758 3529 787 3587 J.
817 3529 903 3605 1724)
928 3526 1088 3605 aCyriaco
1113 3546 1150 3585 ex
1174 3526 1323 3586 codicibus

108 3630 337 3708 transscriptum
361 3633 393 3686 et
416 3648 435 3685 a
458 3629 630 3688 Moroniano
655 3650 691 3689 ex
722 3632 760 3690 H.
786 3631 925 3709 Stephani
950 3631 1077 3690 editione
1107 3629 1322 3707 interpolatum,

104 3742 143 3793 ut
163 3742 280 3793 taceam
301 3732 338 3791 da
352 3731 471 3789 Aureoli
492 3732 577 3790 titulo
598 3733 743 3792 vilissimo
758 3732 805 3809 (G.
820 3733 849 3794 J.
864 3733 963 3809 6761),
985 3751 1042 3809 quo
1061 3734 1177 3792 tandem
1190 3733 1324 3791 liberavit

108 3856 162 3896 nos
189 3833 367 3897 Mommscni
398 3834 527 3910 prudens
559 3834 695 3894 iudicium
723 3836 823 3911 (Anat.
846 3840 931 3911 epigr.
954 3854 982 3911 p.
1005 3835 1083 3912 255).
1125 3835 1206 3893 Haec
1235 3835 1324 3910 igitur

97 3960 163 4000 cum
186 3959 244 3999 non
272 3935 431 3994 verendum
456 3936 495 3995 sit
522 3957 559 3995 ne
586 3957 644 4014 quo
668 3939 759 3997 invito
786 3938 1040 4015 praetermiserim,
1067 3938 1173 3994 rectius
1200 3937 1323 3995 sortasse

101 4045 169 4103 ideo
190 4040 366 4118 inculpabor
387 4039 465 4115 quod
486 4058 521 4098 ea
540 4060 598 4099 non
612 4042 708 4117 recepi
728 4060 803 4118 quae
817 4042 872 4100 etsi
886 4060 971 4099 nemo
985 4039 1151 4098 recentioris
1166 4039 1324 4097 memoriae

96 4148 125 4205 in
150 4143 251 4221 lapide
272 4141 380 4202 viderit
400 4151 498 4200 tamen
520 4162 586 4201 vera
607 4144 748 4221 inscripta
768 4144 857 4203 fuisse
878 4156 928 4201 aut
952 4142 1187 4201 luculentissimis
1212 4151 1323 4200 constet

92 4246 281 4309 testimoniis
301 4255 353 4303 aut
373 4246 535 4305 certissime
555 4246 748 4305 demonstrari
769 4247 874 4324 possit,
896 4244 976 4303 velut
997 4263 1072 4320 quae
1085 4245 1115 4300 in
1130 4244 1323 4322 Authologiae
