3292 5152
724 403 772 458 111.
797 406 949 475 agonistica
1373 416 1435 482 389

226 578 359 647 agerent,
385 574 544 630 certamina
570 574 631 631 fore
656 585 687 633 ut
712 575 829 634 omnino
850 575 1089 651 prohiberentur;
1120 581 1298 657 respondent
1322 583 1366 641 illi
1384 589 1442 645 stoc

216 667 285 739 fient
307 671 361 723 sive
381 685 434 722 noa
449 669 518 741 fient
538 658 660 743 (ἄγεται,
682 668 732 727 oria
754 665 852 742 ἄγεται
872 671 930 728 scil.
952 661 982 728 ri
1005 658 1124 746 lnnmo'r,
1149 674 1184 734 ol.
1206 675 1224 735 l.
1245 695 1266 735 a.
1287 696 1309 738 a.
1337 698 1365 754 p.
1380 679 1440 756 20),

224 762 288 817 cede
310 761 506 835 Porphyrium,
528 772 556 818 ct
577 763 705 821 adiciunt
725 764 763 822 ad
783 765 878 839 ipsum
899 764 1095 842 Porphyrium
1115 772 1243 828 conversi
1264 777 1288 829 ai
1309 776 1368 848 ipse
1388 793 1438 831 ou-

221 856 283 925 des,
310 874 385 912 sume
406 874 534 930 ponerem
558 860 716 929 prusinum
746 857 802 915 hoe
827 859 903 914 enim
929 877 994 918 esse
1019 853 1050 919 ro*
1078 850 1207 940 ‹lapis-ror
1231 865 1440 928 demonstravit

222 948 331 1005 Reiske
352 949 388 1005 ad
410 948 509 1008 Const.
529 948 636 1027 Porph.
658 952 675 1010 l.
696 970 719 1008 a.
741 970 763 1008 a.
789 970 817 1026 p.
833 953 889 1009 344
900 969 942 1028 sq.
984 952 1128 1014 Videntur
1154 959 1225 1018 haee
1249 978 1267 1017 a
1293 960 1438 1020 seditiosis

221 1042 295 1100 clam
317 1044 481 1120 subscripta
500 1061 571 1102 esse.

726 1313 927 1324 ----.

652 1531 831 1589 oretanum
854 1531 1001 1590 arltttttn

219 1704 296 1764 936.
343 1710 439 1785 Argis.
467 1707 500 1768 C.
523 1710 545 1765 1.
570 1708 603 1765 17
625 1729 661 1767 ex
682 1709 797 1766 schedis
817 1708 1009 1767 Fourmontii.
1038 1710 1144 1770 Melius
1165 1712 1242 1772 Ross
1261 1719 1343 1775 inser.
1363 1695 1434 1776 iaed.

220 1806 232 1861 l
254 1806 291 1862 55
312 1814 340 1862 et
361 1805 454 1861 Lebas
475 1803 503 1860 ll
526 1803 588 1863 108.

559 1920 707 2013 ’Ἀλ1κων
730 1924 874 2013 ἀνέθηκε
897 1919 1045 2014 [rissum

343 2026 547 2116 ’lqutpoa
573 2031 687 2113 eppe
711 2020 788 2114 [Jdc
809 2033 881 2104 τοῖς
903 2027 1081 2108 depectere
1103 2024 1137 2094 ἐν
1158 2023 1299 2113 ἀέθλοις

346 2128 481 2216 carptim
504 2154 539 2194 ce
565 2128 737 2216 [opetona
760 2125 832 2213 vlup
856 2128 941 2217 κα[1]
969 2129 1021 2207 δὶς
1042 2128 1099 2195 τὸν
1117 2125 1281 2220 ὁπλίτα[ν.

298 2303 444 2361 vsaeculi
465 2301 557 2359 initio.
598 2299 800 2358 Conclamatas
820 2299 905 2357 huius
932 2301 1009 2359 tituli
1036 2301 1224 2362 difficultates
1249 2305 1348 2381 paullo
1376 2308 1435 2366 vio-

224 2400 329 2456 lentius
351 2397 463 2455 sustuli.
499 2397 553 2453 Est
574 2406 668 2452 autem
689 2393 787 2452 Rossii
807 2395 1005 2471 apographum
1026 2406 1086 2454 tam
1106 2396 1245 2456 adcurate
1266 2399 1383 2474 factum,
1404 2413 1436 2460 ut

219 2495 254 2550 de
274 2513 373 2550 carum
394 2492 498 2550 saltem
519 2509 593 2565 quae
620 2487 756 2565 perierint
782 2487 944 2546 litterarum
968 2508 1088 2549 numero
1113 2490 1241 2550 dubitari
1266 2494 1352 2570 plane
1377 2516 1434 2555 non

219 2588 317 2664 possit.
364 2588 411 2643 Ab
438 2586 521 2642 initio
549 2584 624 2641 tituli
645 2583 720 2639 duae
751 2582 934 2654 interierunt;
965 2583 1070 2642 relicus
1096 2603 1212 2660 versus,
1243 2589 1294 2662 qui
1324 2590 1432 2649 desinit

219 2683 305 2740 verbo
334 2678 456 2754 ἀνέθηκε,
484 2681 592 2753 integer
612 2687 664 2735 est.
705 2677 814 2734 Eadem
841 2676 926 2753 plane
953 2684 998 2736 est
1022 2678 1141 2737 alterius
1167 2698 1269 2739 versus
1295 2684 1433 2757 condicio,

217 2777 297 2832 cuius
319 2784 477 2832 extremum
498 2772 668 2831 vocabulum
688 2771 766 2830 Ross
786 2771 910 2830 tradidit
930 2785 1060 2847 raum,
1080 2775 1276 2834 consentiente
1296 2775 1432 2852 Lebasio‚

218 2872 273 2927 nisi
305 2871 381 2945 quod
412 2870 458 2926 hic
488 2866 763 2943 antepaenultimam
792 2864 920 2925 litteram
952 2885 959 2925 1
989 2868 1079 2928 fuisse
1109 2876 1234 2928 testatur
1263 2871 1434 2932 confirmata

219 2964 399 3022 Fourmontii
420 2963 550 3020 lectione.
591 2961 659 3017 lnde
680 2960 865 3035 consequitur
885 2980 949 3019 cum
970 2982 1101 3040 nequeo
1126 2965 1183 3022 fine
1203 2964 1363 3041 quidquam
1383 2967 1432 3026 de·

216 3060 256 3115 sit
282 3067 311 3116 et
335 3058 486 3134 proximus
512 3074 611 3113 versus
637 3056 674 3111 ab
700 3055 781 3111 initio
806 3054 893 3128 plane
917 3056 1027 3132 integer
1054 3058 1108 3130 sit,
1139 3077 1198 3116 non
1228 3076 1316 3133 posse
1345 3061 1432 3120 scribi

214 3143 372 3230 Ἴσχυλλος.
414 3150 507 3208 Tertii
528 3150 662 3224 deinceps
684 3166 785 3205 versus
806 3157 884 3205 certa
904 3157 949 3207 est
973 3151 1057 3208 lectio
1081 3161 1335 3211 erororrorzaau.
1369 3154 1431 3213 lam

217 3264 320 3302 nomen
342 3245 498 3320 requiritur
517 3243 563 3300 vel
585 3242 673 3301 solius
695 3242 813 3299 victoris
834 3241 880 3299 vel
900 3243 992 3317 ipsius
1014 3252 1101 3319 atque
1122 3246 1214 3320 patris
1221 3267 1229 3316 ;
1260 3248 1358 3323 possis
1374 3245 1430 3304 'lo-

216 3332 323 3416 piliru
350 3335 462 3410 Θίοπος,
493 3348 523 3395 ut
549 3336 702 3394 concedam
728 3331 825 3393 Θίοπον
850 3355 953 3395 nomen
983 3355 1119 3413 graecmn
1149 3355 1221 3398 esse.
1266 3341 1308 3396 At
1337 3346 1431 3399 restat

215 3434 338 3509 primum
367 3433 445 3491 tituli
470 3429 641 3491 vocabulmn
666 3431 745 3488 cuius
772 3440 828 3488 tres
854 3449 929 3505 quae
958 3441 1095 3506 superant
1121 3431 1232 3490 litteras
1258 3431 1334 3491 Ross
1360 3447 1430 3492 0οΝ

215 3528 348 3598 tradidit,
375 3527 469 3585 Lebas
492 3547 558 3583 vero
580 3525 685 3582 diserte
705 3542 817 3582 errasse
837 3524 918 3582 illum
940 3531 1065 3584 testatus
1084 3525 1210 3602 primam
1229 3526 1355 3584 litteram
1376 3545 1428 3586 nec

216 3621 294 3677 theta
315 3641 365 3677 nec
385 3622 512 3678 omicron
534 3621 584 3678 sed
606 3639 698 3696 eoppa
718 3639 780 3676 esse
800 3618 888 3689 dixin
910 3619 986 3688 unde
1005 3627 1100 3679 certus
1120 3629 1163 3679 est
1183 3620 1314 3679 vocabuli
1335 3621 1364 3677 in
1384 3652 1424 3665 -

214 3716 390 3772 accersitus.
431 3715 477 3772 De
497 3716 602 3790 plurali
624 3714 759 3789 genetivo
781 3733 844 3772 cum
865 3725 988 3790 nequeat
1007 3716 1141 3791 cogitari,
1166 3721 1257 3773 restat
1284 3721 1316 3772 ut
1335 3715 1428 3772 nomi-

214 3809 329 3866 nativus
351 3810 435 3866 l'uerit
455 3810 492 3867 ad
514 3811 608 3883 ipsum
630 3810 768 3866 victorem
791 3809 965 3867 referendus.
994 3808 1060 3868 Duo
1082 3809 1168 3885 igitur
1188 3808 1316 3866 eiusdem
1337 3827 1426 3866 enun-

214 3904 274 3959 tiati
298 3905 385 3959 verba
406 3903 494 3960 habes
517 3902 628 3969 ἀνέθηκε
651 3911 679 3960 et
699 3897 769 3976 νίκη,
795 3923 868 3979 quae
896 3902 964 3961 ferri
991 3909 1145 3977 nequeunt.
1186 3903 1287 3978 Itaque
1311 3909 1345 3960 ut
1369 3902 1427 3961 duo

213 3999 419 4055 constituerem
441 4000 589 4055 enuntiata
610 3999 721 4067 studui,
746 4013 801 4055 eto
827 4003 878 4054 aut
903 3996 1041 4072 scriptum
1066 3996 1142 4054 male
1167 4003 1218 4055 aut
1243 3996 1348 4053 lectum
1372 4014 1426 4071 pro

212 4092 278 4148 lieo-i
298 4100 392 4162 ratim,
419 4102 549 4150 rautem
572 4094 696 4149 litteram
718 4094 776 4149 iam
797 4091 930 4148 mutilam
950 4089 1019 4147 olim
1039 4091 1158 4166 spiritus
1185 4100 1283 4148 notam
1303 4108 1426 4166 superne

213 4187 378 4260 interneque
399 4189 505 4243 clusam
530 4188 617 4243 luisse
639 4186 817 4244 existimans.
859 4185 986 4261 Reliqua
1006 4186 1079 4243 bene
1100 4183 1226 4242 restituit
1246 4183 1283 4243 Ο.
1304 4181 1426 4241 Mueller

213 4299 258 4354 ap.
282 4280 385 4337 Franz.
408 4281 495 4336 Elem.
517 4286 603 4353 epipr.
625 4302 652 4356 p.
669 4282 701 4338 'il
727 4281 774 4356 (el.
796 4298 824 4355 p.
839 4280 975 4357 380).„-
996 4278 1130 4338 Ceterum
1151 4277 1249 4336 exeis
1270 4296 1344 4354 quae
1364 4278 1621 4352 dis-adimant!

212 4374 311 4450 putavi
337 4381 416 4450 patet
442 4375 567 4452 primum
592 4395 706 4434 versum
728 4375 927 4434 hexametrum
946 4394 1004 4433 non
1024 4373 1128 4444 luisse;
1157 4390 1210 4453 pro
1229 4363 1342 4433 Ἄλκων
1374 4371 1423 4433 rix
