3292 5152
600 401 635 457 11.
651 399 801 454 insularum
819 405 847 455 et
863 401 951 457 Asiae.

377 567 576 651 νοσφισθεὶς
598 566 725 644 κλαίεις
745 561 930 654 χηροσύνρν
952 561 1124 649 θαλάμων.

186 750 259 817 lad.
294 751 399 813 Τοῦτο
423 747 656 838 σαοφροσύνας
678 752 777 839 γέρας
793 746 927 817 Ἀτθίδι
948 757 1004 816 ταῑ
1027 745 1259 817 τιολοκλαύτιοι

370 847 430 916 ούκ
453 847 536 936 ἴσον,
559 848 637 919 οὐδὲ
659 847 781 939 ἀρετᾶς
802 844 907 938 dhon,
932 846 1003 916 ἀλλ’
1026 851 1155 933 ε’ἷλέμαν

293 948 427 1034 μνύμαν
450 949 499 1029 εἰς
521 949 627 1018 αἰῶνα
650 947 855 1041 φερώνυμον,
878 947 979 1030 αὐτὸς
1001 947 1143 1039 ἀνάγκαι

372 1055 472 1131 Θεῖος
493 1052 658 1141 νροιύχανι
682 1058 811 1135 πνεῦμα
832 1049 1061 1139 χαριζόμενος·

302 1150 385 1220 οἴσω
408 1153 470 1238 γὰρ
494 1153 671 1221 καὶτοῦτο
692 1153 789 1238 χάριν
811 1154 868 1221 σέο
892 1157 949 1220 καὶ
970 1153 1028 1218 τὸν
1049 1148 1162 1242 ἀπηνῆ

182 1259 223 1322 20
371 1247 498 1336 ύμμααι
520 1260 592 1334 τοῖς
613 1261 763 1342 στυγνοῖς
785 1247 919 1339 ὄψομαι
941 1249 1065 1342 ἠέλιον.

249 1445 259 1483 1
280 1448 305 1487 a.
333 1426 401 1486 chr.
427 1447 455 1484 n.
480 1428 596 1485 saeculo
621 1446 677 1486 non
703 1427 850 1503 antiquior
874 1427 975 1485 titulus
1000 1446 1067 1485 rara
1086 1428 1210 1503 quodam
1231 1428 1386 1486 verborum

171 1521 446 1597 compositionisque
471 1531 532 1579 arte
556 1521 737 1597 conspicuus.
783 1520 913 1598 Vtraque
937 1520 1013 1579 enim
1039 1522 1169 1580 binorum
1195 1521 1387 1580 distichorum

172 1616 295 1691 stropha
315 1615 414 1688 ionice,
441 1623 559 1691 utraque
584 1620 732 1673 ternorum
757 1614 853 1673 dorice
873 1616 983 1691 scripta
1003 1622 1057 1688 est,
1077 1615 1133 1673 nisi
1154 1616 1232 1691 quod
1253 1635 1279 1673 v.
1301 1617 1319 1674 6
1340 1613 1386 1673 εύ-

170 1696 304 1785 φροούνης
324 1718 353 1765 et
377 1728 404 1766 v.
419 1709 457 1766 20
481 1707 566 1784 ἠέλιον
592 1708 734 1784 lapidario
759 1728 862 1786 parum
886 1709 1004 1767 curioso
1030 1708 1148 1766 excidit:
1180 1710 1385 1768 sententiarum

172 1813 268 1859 tamen
295 1820 382 1877 quam
408 1802 505 1861 dicunt
525 1803 702 1879 strophicsm
721 1803 940 1877 responsionem
961 1802 1069 1859 frustra
1089 1821 1221 1878 quaeres,
1262 1802 1386 1861 Numeri

168 1895 328 1953 admodum
353 1895 470 1968 celeres,
495 1915 616 1971 quorum
643 1897 667 1953 si
687 1896 803 1972 quando
823 1894 1048 1971 penthemimere
1071 1894 1226 1970 impeditur
1252 1895 1388 1954 volubili·

170 1999 232 2059 tas,
261 1999 466 2064 compensatur
496 1990 566 2047 haec
595 2009 678 2047 mora
702 1989 831 2048 bucolica
858 2006 990 2058 caesura3
1022 2007 1096 2064 quae
1119 1989 1185 2064 ipsa
1208 1988 1299 2046 sicubi
1326 1988 1386 2047 iere

170 2082 351 2140 desideratur
380 2083 421 2157 (v.
439 2083 502 2160 13),
533 2083 669 2142 inciditur
698 2073 774 2141 κιττοὶ
800 2074 886 2160 τρίτον
916 2080 1047 2160 τροχαῖον.
1094 2080 1176 2155 Quae
1205 2089 1273 2140 suut
1296 2082 1385 2140 etiam

171 2175 273 2233 Bionis
297 2175 476 2253 aliorumque
501 2178 666 2253 aequalium
693 2185 842 2252 poetarum
868 2176 945 2252 leges
973 2175 1117 2234 metricae.
1139 2207 1174 2218 —
1196 2174 1214 2233 2
1235 2189 1384 2233 urorsrnu

171 2268 291 2325 correxi.
333 2267 430 2327 Verbo
461 2269 592 2350 προτερεῖν
622 2271 764 2329 nerninem
795 2270 863 2327 novi
893 2270 942 2344 qui
973 2269 1028 2327 hoc
1057 2269 1221 2346 significatu
1251 2288 1321 2327 osus
1349 2270 1388 2328 sit

171 2369 288 2438 praeter
307 2363 482 2440 Dionysium
502 2350 788 2423 Halicarn'aoeensem
809 2361 978 2422 Cnidiorum
999 2363 1160 2422 finitimum.
1181 2397 1218 2407 -
1241 2364 1386 2421 oznzazn

172 2466 206 2513 ut
225 2475 311 2533 saepe
332 2457 391 2515 illic
411 2458 663 2519 terrarum-18
682 2457 800 2534 gravius
819 2475 877 2514 non
898 2456 958 2514 vidi
977 2456 1037 2514 fato
1051 2475 1178 2532 unquam
1197 2456 1385 2533 opprobrium

172 2550 288 2608 factum.
306 2583 341 2593 -
355 2550 392 2609 22
413 2550 536 2625 στυγνοῒς
554 2543 668 2631 ὄμματι
687 2554 791 2608 ναύται
804 2549 904 2623 oculis,
926 2549 999 2608 siout
1019 2569 1109 2627 supra
1129 2570 1156 2610 n.
1172 2550 1225 2608 149
1246 2541 1270 2607 ni
1283 2539 1384 2629 μητρδς

173 2647 314 2722 omens.

656 2760 658 2765 ·
677 2748 878 2769 ...ss-

171 2919 249 2981 205.
288 2922 336 2981 Ad
356 2921 600 2984 Halicarnassum.
640 2922 780 2982 Wescher
799 2925 866 2984 Rcu.
886 2924 1007 2985 ανολέολ.
1030 2925 1103 2987 1846
1123 2924 1153 2983 ΙΙ
1176 2925 1231 2982 134

528 3079 667 3168 Μύρτον
683 3077 854 3165 Εὐβούλου
876 3083 1024 3158 Μυνδία,

651 3181 776 3270 χρηστὴ
797 3189 903 3269 χαῖρε.

301 3282 430 3366 Πατρὶς
450 3282 510 3364 μὲν
533 3279 679 3360 Μύνδος,
703 3283 842 3370 γενέτωρ
865 3283 903 3351 δέ
923 3307 986 3364 μεν
1008 3278 1118 3347 ἔπλετ’
1136 3276 1262 3368 Ἰάσιον,

386 3386 525 3468 ατοργᾶι
547 3385 575 3447 δ’
591 3379 765 3466 Εὐβούλου
786 3380 891 3470 κούρα
913 3377 1161 3468 ἀνεγραφόμαν·

298 3485 413 3548 τέκνον
435 3484 462 3548 δ’
480 3479 722 3570 ἀρτιγάλακτον
740 3478 870 3551 Ἰάσονα
891 3483 993 3567 ματρὶ
1016 3483 1164 3549 λιποῦσα

383 3583 470 3664 ζωᾶς
490 3581 674 3669 ἐστερύμαν
696 3583 981 3665 ἐννεακαιδεχέτις·

215 3688 233 3748 5
299 3680 439 3748 αἱακτὰν
461 3686 497 3750 δὲ
521 3682 673 3772 θύγατρα
697 3681 954 3769 κατεστενάχρσε
977 3684 1140 3770 Στρατειά

384 3778 439 3850 οἷά
462 3810 512 3862 τις
534 3782 662 3850 εἰναλία
686 3778 845 3868 δάκρυσιν
866 3777 1030 3861 ἆλκνονίς.

299 3876 436 3951 τούνεκα
458 3887 518 3951 τὰν
540 3883 623 3949 κατὰ
646 3887 706 3969 γᾶς
730 3876 874 3972 Μύρτον,
900 3883 997 3962 ξένοι,
1022 3877 1222 3971 αὐδήσαντος

381 3984 509 4072 χαίρειν
530 3984 589 4049 τὰν
611 3981 714 4053 αὐτὰν
735 3979 951 4067 ἆντινὲμεσθε
972 3977 1075 4072 χάριν.

251 4175 273 4214 11
302 4159 359 4216 fere
385 4178 411 4218 a.
433 4158 500 4218 Chr.
526 4179 554 4216 n.
580 4176 654 4216 saec.
675 4190 711 4199 -
733 4156 750 4212 λ
772 4155 887 4232 Myrton
911 4157 948 4214 nb
969 4156 1085 4215 Eubulo
1110 4157 1249 4231 adoptata
1268 4155 1383 4214 caelebs

173 4259 289 4325 partum
309 4251 432 4311 edidisse
451 4252 573 4310 videtur.
589 4284 626 4294 -
642 4251 658 4308 6
674 4249 719 4326 egi
739 4248 847 4307 dehoc
867 4269 950 4308 versu
973 4251 1118 4308 Commeat.
1139 4249 1283 4308 Bonnena.
1305 4267 1335 4324 p.
1346 4248 1383 4307 26

173 4343 259 4404 Adde
281 4344 416 4424 [Moschi]
438 4345 480 4407 111
505 4346 543 4405 40
569 4335 693 4414 ἀλκυονὶς
718 4339 741 4403 δ’
757 4339 785 4404 ού
812 4330 910 4404 νύττον
935 4342 992 4418 (sic
1016 4342 1167 4423 legendum
1192 4361 1254 4405 esse
1280 4343 1384 4405 docent
