3292 5152
223 412 284 477 536
765 407 892 462 addenda.

222 580 278 638 nisi
298 600 385 639 unum
403 579 548 636 hominem
574 596 695 653 eumque
722 577 817 653 ipsum
838 575 1038 634 Philemonem
1062 575 1171 635 duobus
1195 574 1259 633 illis
1284 594 1350 637 uno
1375 580 1448 653 post

222 673 346 732 alterum
371 673 527 730 honoribus
553 671 688 730 sunctum.
730 671 831 746 ltaque
850 692 877 727 r.
902 673 915 728 1
943 671 981 728 ab
1010 670 1094 728 initio
1123 670 1261 747 generale
1291 670 1446 747 quoddam

221 766 302 824 velut
321 769 404 824 anatot
423 766 468 824 vel
487 769 583 823 tatoris
605 764 775 823 vocabulum
796 764 987 839 requirebam,
1007 784 1033 823 r.
1056 762 1073 820 2
1093 761 1273 821 adiectirum
1298 762 1447 823 vocabulo

222 847 391 938 σταχύεσσιν
420 860 583 917 addendum
614 858 804 935 postulabant
834 855 950 932 linguae
978 876 1097 933 graecae
1126 856 1217 933 leges3
1249 876 1277 918 v.
1298 857 1319 915 3
1342 866 1448 915 mara

222 954 411 1026 Augustomm
426 952 591 1010 dubitanter
607 950 701 1022 intuli,
716 952 767 1009 sed
783 950 818 1007 ci.
833 968 922 1024 supra
937 970 965 1007 n.
984 944 1295 1029 tortuositatem
1315 944 1445 1029 ἰφθίμοιο

221 1035 376 1123 παρόψεται
396 1035 496 1123 daneta
517 1040 605 1122 μήτηρ
625 1062 688 1100 cum
709 1061 774 1100 mea
793 1042 891 1101 adnot.
932 1042 1073 1102 Faustina
1092 1042 1206 1115 dicim,
1231 1042 1356 1101 Aurelii
1383 1062 1444 1101 ma·

220 1148 271 1208 ter,
286 1138 400 1198 Cereris
420 1140 515 1215 specie
533 1139 643 1209 induta,
664 1156 756 1212 neque
777 1154 864 1194 unam
883 1136 973 1195 fuisse
986 1136 1156 1196 Faustinam
1174 1136 1206 1194 in
1220 1134 1346 1195 Cereris
1360 1154 1445 1195 sacra

218 1232 442 1309 religionemque
462 1232 603 1291 adscitam
622 1238 724 1290 notum
744 1240 794 1289 est

219 1458 322 1521 8882.
362 1460 481 1536 Ephesi.
521 1459 619 1519 Wood
640 1460 831 1517 Discoocriee:
849 1460 984 1534 Inscrtpt.
997 1460 1078 1533 from
1096 1457 1138 1515 tle
1155 1460 1208 1515 site
1228 1460 1264 1532 os
1278 1458 1326 1516 tlte
1345 1456 1444 1535 temple

219 1557 253 1627 of
269 1555 367 1611 Diona
385 1574 413 1611 n.
436 1555 462 1613 7.

215 1670 394 1741 Ὑπασνκὸν
418 1675 600 1761 merique
618 1671 794 1758 ’Υμμνδίου
817 1672 1011 1762 I(o[dpciroo
1034 1673 1178 1762 71cher
1202 1672 1390 1763 κηδε[οτήν
1405 1722 1440 1739 ..

343 1927 512 2015 Παντοίης
534 1925 654 2015 ἀρετῆς
676 1922 840 2014 στάθμην,
863 1924 1061 2012 &volumtas
1082 1928 1197 2011 ανδρα,

424 2025 536 2108 ἔξοχον
553 2024 725 2115 Ἑλλήνων,
749 2024 931 2114 πρόκρισον
953 2022 1144 2103 Αὐσονίων,

344 2132 475 2194 κλεινοῦ
498 2126 688 2214 Kodpdroto
712 2128 812 2212 φίλον
835 2130 963 2218 πατέρ’,
988 2118 1015 2216 ᾧ
1037 2126 1211 2209 βασίλειον

425 2224 582 2315 Ἁρμονίη
604 2224 761 2308 θάλαμον
783 2224 901 2314 πήξασ’
925 2228 978 2295 ἐπ’
1002 2222 1153 2317 stipabit),

282 2338 301 2400 5
339 2328 514 2417 Ἀδριανὸς
535 2324 711 2394 Μούσαισι
732 2329 841 2409 μέλων
863 2322 1008 2417 ἀνέθηκε
1030 2331 1209 2417 Σεουῆρον,

430 2428 510 2497 sineri
529 2428 687 2515 χαλκείην
708 2425 827 2493 οὕνεκα
850 2427 1068 2516 προσσασίης.

343 2527 434 2617 opto
455 2533 510 2620 d'],
534 2524 651 2613 ἄνδρες
663 2520 782 2606 Ἴωνες,
807 2522 983 2615 ἀγάλματα
1006 2530 1108 2597 καλὸν
1129 2524 1283 2615 ὁρᾶσθαι

430 2627 572 2717 ἓσνα]όσ’
597 2625 803 2717 [Ἀρτέμιδος
824 2629 972 2717 altheim
994 2630 1029 2696 ἐν
1049 2631 1188 2713 τεμένει.

295 2770 340 2827 De
364 2768 509 2826 meidio
534 2768 684 2842 Quadrato
709 2767 827 2841 eiusque
851 2772 935 2841 patre
960 2766 1068 2826 Severo
1094 2786 1169 2844 quae
1193 2766 1248 2825 Th.
1268 2768 1438 2829 Mommsen

218 2863 485 2921 benevolentissime
503 2861 533 2918 in
551 2879 646 2918 meam
663 2861 786 2937 gratiam
804 2859 927 2936 conlegit
945 2862 1045 2936 paucis
1064 2861 1244 2938 conplecter3
1263 2862 1439 2921 adcmdus

218 2957 293 3013 enim
327 2975 449 3033 sperare
473 2955 542 3014 licet
565 2954 627 3011 fore
652 2959 685 3011 ut
707 2955 769 3029 ipse
799 2955 843 3012 vir
873 2972 1001 3013 summus
1029 2974 1091 3013 rem
1114 2953 1261 3013 difficilem
1287 2973 1360 3015 mox
1385 2976 1438 3017 ex·

218 3059 317 3124 ponat.
357 3048 464 3106 Docuit
478 3049 565 3125 igitur
579 3048 612 3106 C.
628 3045 807 3105 meidium
819 3046 1004 3120 Quadratum
1021 3048 1246 3126 intellegendum
1262 3066 1332 3109 esse
1349 3049 1392 3126 (r.
1405 3050 1437 3125 3)

217 3142 364 3200 consulem
384 3161 411 3199 a.
435 3144 497 3216 118,
519 3140 683 3199 meidiae
703 3140 903 3214 Quadratillae
923 3152 1056 3219 nepotem
1074 3142 1167 3219 (Plin.
1187 3143 1265 3217 epac
1283 3140 1345 3202 Vll
1366 3142 1436 3219 24);

217 3237 278 3294 eius
299 3245 421 3312 patrem,
442 3236 522 3293 cuius
543 3254 700 3311 cognomen
720 3254 756 3291 ex
781 3235 987 3311 epigrammate
1011 3236 1138 3313 primum
1161 3234 1350 3309 mouisse,
1376 3236 1436 3296 for·

217 3341 294 3389 tasse
313 3329 348 3387 L.
364 3329 501 3388 Catilium
521 3327 658 3388 Severum
679 3344 744 3385 esse
763 3346 820 3387 cos.
842 3328 869 3387 ll
890 3350 916 3387 a.
940 3329 1003 3403 120,
1024 3349 1082 3406 quo
1106 3330 1232 3406 probato
1255 3328 1346 3388 simul
1365 3348 1434 3389 oon·

217 3424 293 3482 cludi
305 3442 390 3499 posse
400 3422 514 3479 titulum
524 3441 587 3480 cum
599 3422 716 3481 alterius
727 3422 893 3480 consulatus
909 3424 1016 3482 mentio
1030 3443 1087 3482 non
1098 3424 1179 3483 fieret
1188 3432 1256 3481 ante
1269 3440 1298 3481 a.
1312 3422 1371 3482 120
1380 3442 1434 3501 po·

217 3517 303 3574 situm
313 3535 385 3574 esse.
407 3515 549 3589 Quadrati
563 3536 645 3589 uxor,
659 3535 733 3592 quae
743 3517 823 3592 regia
837 3518 927 3592 stirpe
940 3524 1010 3575 nata
1022 3518 1205 3595 praedicatur
1217 3534 1246 3573 v.
1260 3516 1289 3590 3,
1306 3514 1432 3575 llomm·

217 3611 298 3668 senio
327 3610 441 3667 videtur
466 3611 641 3667 Asianorum
670 3610 790 3668 alicuius
821 3630 918 3683 regum
943 3611 1005 3668 filia
1028 3611 1126 3669 firisse
1171 3606 1297 3669 Honoris
1322 3608 1431 3671 Severo

217 3716 361 3761 auctorem
380 3703 574 3778 carminisque
593 3705 761 3780 scriptorem
780 3706 874 3779 ipsum
893 3723 956 3762 esse
966 3704 1151 3762 Hadrianum
1161 3702 1316 3763 Caesarem
1330 3710 1428 3779 patet3

216 3816 355 3872 quaeres
380 3814 415 3852 eo
439 3796 654 3853 memorabilior
678 3810 720 3856 est
746 3799 824 3874 quod
846 3796 968 3857 Catilius
993 3797 1041 3856 ille
1061 3796 1186 3857 Severus
1204 3794 1359 3855 Hadriano
1382 3796 1428 3855 in·

215 3898 336 3965 perante
352 3908 474 3967 magnae
490 3890 534 3947 vir
549 3892 727 3949 auctoritatis
744 3899 773 3950 et
788 3891 939 3967 conplures
955 3910 1047 3950 annos
1063 3891 1128 3950 urbi
1140 3888 1304 3969 praefectus
1324 3898 1429 3965 postea

215 3984 311 4059 gratia
330 3983 438 4041 excidit
457 4002 705 4059 successoremque
725 3986 843 4060 occepit.
864 4017 901 4028 -
922 3984 939 4040 2
960 3984 995 4043 cf.
1016 4004 1105 4061 supra
1123 3984 1161 4041 ad
1178 4000 1206 4041 n.
1228 3978 1296 4039 272.
1336 3980 1427 4041 (loni-

214 4076 272 4133 cias
292 4076 387 4151 ipsum
403 4075 584 4133 Hadrianum
604 4078 743 4135 acuminis
763 4077 836 4133 illud
857 4077 979 4154 primum
1000 4078 1153 4149 invenisse,
1174 4085 1204 4133 ut
1222 4092 1326 4133 omnes
1346 4075 1427 4135 orbis

213 4176 356 4226 terrarum
388 4180 488 4244 gentes
521 4170 634 4227 duobus
673 4170 718 4227 his
752 4171 916 4228 nominibus
952 4170 1129 4229 Graecorum
1163 4176 1191 4226 et
1223 4166 1428 4229 Romanorum

214 4260 445 4336 conplecteretur.
484 4261 607 4322 Severus
627 4261 714 4338 igitur
734 4283 792 4321 non
812 4261 991 4321 Graecorum
1015 4261 1213 4321 nobilissimus
1235 4262 1428 4339 praedicatur

214 4355 285 4430 (non
305 4354 381 4413 enim
400 4355 454 4413 fnit
468 4353 612 4431 Graecus)
632 4362 662 4413 et
674 4354 871 4415 Romanorum
884 4355 1028 4432 princeps,
1048 4356 1101 4413 sed
1113 4354 1242 4413 omnium
1253 4356 1428 4417 mortalium
